@ARTICLE{1995ApJS..101..117K,
       author = {{Kenyon}, Scott J. and {Hartmann}, Lee},
        title = "{Pre-Main-Sequence Evolution in the Taurus-Auriga Molecular Cloud}",
      journal = {\apjs},
     keywords = {INFRARED: STARS, ISM: CLOUDS, STARS: EVOLUTION, STARS: LUMINOSITY FUNCTION, MASS FUNCTION, STARS: PRE-MAIN-SEQUENCE},
         year = 1995,
        month = nov,
       volume = {101},
        pages = {117},
          doi = {10.1086/192235},
       adsurl = {https://ui.adsabs.harvard.edu/abs/1995ApJS..101..117K},
      adsnote = {Provided by the SAO/NASA Astrophysics Data System}
}



@ARTICLE{2019AJ....158...77C,
       author = {{Curtis}, Jason L. and {Ag{\"u}eros}, Marcel A. and {Mamajek}, Eric E. and {Wright}, Jason T. and {Cummings}, Jeffrey D.},
        title = "{TESS Reveals that the Nearby Pisces-Eridanus Stellar Stream is only 120 Myr Old}",
      journal = {\aj},
     keywords = {open clusters and associations: individual: Pisces{\textendash}Eridanus Stream, Pleiades, Praesepe, NGC 6811, stars: evolution, stars: individual: HD 1160 B, TOI 451, stars: rotation, Astrophysics - Solar and Stellar Astrophysics},
         year = 2019,
        month = aug,
       volume = {158},
       number = {2},
          eid = {77},
        pages = {77},
          doi = {10.3847/1538-3881/ab2899},
archivePrefix = {arXiv},
       eprint = {1905.10588},
 primaryClass = {astro-ph.SR},
       adsurl = {https://ui.adsabs.harvard.edu/abs/2019AJ....158...77C},
      adsnote = {Provided by the SAO/NASA Astrophysics Data System}
}


@ARTICLE{2016MNRAS.461..794P,
       author = {{Pecaut}, Mark J. and {Mamajek}, Eric E.},
        title = "{The star formation history and accretion-disc fraction among the K-type members of the Scorpius-Centaurus OB association}",
      journal = {\mnras},
     keywords = {circumstellar matter, stars: pre-main-sequence, open clusters and associations: individual: Scorpius-Centaurus, Sco OB2, Upper Scorpius, Upper Centaurus-Lupus, Lower Centaurus-Crux, Astrophysics - Solar and Stellar Astrophysics, Astrophysics - Earth and Planetary Astrophysics},
         year = 2016,
        month = sep,
       volume = {461},
       number = {1},
        pages = {794-815},
          doi = {10.1093/mnras/stw1300},
archivePrefix = {arXiv},
       eprint = {1605.08789},
 primaryClass = {astro-ph.SR},
       adsurl = {https://ui.adsabs.harvard.edu/abs/2016MNRAS.461..794P},
      adsnote = {Provided by the SAO/NASA Astrophysics Data System}
}


@ARTICLE{2013MNRAS.435.1325M,
       author = {{Murphy}, Simon J. and {Lawson}, Warrick A. and {Bessell}, Michael S.},
        title = "{Re-examining the membership and origin of the ɛ Cha association}",
      journal = {\mnras},
     keywords = {stars: formation, stars: kinematics and dynamics, stars: low-mass, stars: pre-main sequence, open clusters and associations: individual: ɛ Chamaeleontis, {\ensuremath{\eta}} Chamaeleontis, Astrophysics - Solar and Stellar Astrophysics},
         year = 2013,
        month = oct,
       volume = {435},
       number = {2},
        pages = {1325-1349},
          doi = {10.1093/mnras/stt1375},
archivePrefix = {arXiv},
       eprint = {1305.4177},
 primaryClass = {astro-ph.SR},
       adsurl = {https://ui.adsabs.harvard.edu/abs/2013MNRAS.435.1325M},
      adsnote = {Provided by the SAO/NASA Astrophysics Data System}
}



@BOOK{2015ASSL..415.....V,
       author = {{Vial}, Jean-Claude and {Engvold}, Oddbjorn},
        title = "{Solar Prominences}",
     keywords = {Physics},
    booktitle = {Solar Prominences},
         year = 2015,
       series = {Astrophysics and Space Science Library},
       volume = {415},
        month = jan,
          doi = {10.1007/978-3-319-10416-4},
       adsurl = {https://ui.adsabs.harvard.edu/abs/2015ASSL..415.....V},
      adsnote = {Provided by the SAO/NASA Astrophysics Data System}
}


@ARTICLE{2014LRSP...11....1P,
       author = {{Parenti}, Susanna},
        title = "{Solar Prominences: Observations}",
      journal = {Living Reviews in Solar Physics},
     keywords = {Lyman-alpha, Prominences, Corona, UV radiation, Optical emission, H-alpha, Filaments, EUV emission},
         year = 2014,
        month = mar,
       volume = {11},
       number = {1},
          eid = {1},
        pages = {1},
          doi = {10.12942/lrsp-2014-1},
       adsurl = {https://ui.adsabs.harvard.edu/abs/2014LRSP...11....1P},
      adsnote = {Provided by the SAO/NASA Astrophysics Data System}
}



@ARTICLE{1990MNRAS.247..415C,
       author = {{Collier Cameron}, A. and {Duncan}, D.~K. and {Ehrenfreund}, P. and {Foing}, B.~H. and {Kuntz}, K.~D. and {Penston}, M.~V. and {Robinson}, R.~D. and {Soderblom}, D.~R.},
        title = "{Fast spectroscopic variations on rapidly rotating, cool dwarfs III. Masses of circumstellar absorbing clouds on AB Doradus.}",
      journal = {\mnras},
         year = 1990,
        month = dec,
       volume = {247},
        pages = {415},
       adsurl = {https://ui.adsabs.harvard.edu/abs/1990MNRAS.247..415C},
      adsnote = {Provided by the SAO/NASA Astrophysics Data System}
}



@ARTICLE{2015ApJ...812..112S,
       author = {{Sanchis-Ojeda}, R. and {Rappaport}, S. and {Pall{\`e}}, E. and {Delrez}, L. and {DeVore}, J. and {Gandolfi}, D. and {Fukui}, A. and {Ribas}, I. and {Stassun}, K.~G. and {Albrecht}, S. and {Dai}, F. and {Gaidos}, E. and {Gillon}, M. and {Hirano}, T. and {Holman}, M. and {Howard}, A.~W. and {Isaacson}, H. and {Jehin}, E. and {Kuzuhara}, M. and {Mann}, A.~W. and {Marcy}, G.~W. and {Miles-P{\'a}ez}, P.~A. and {Monta{\~n}{\'e}s-Rodr{\'\i}guez}, P. and {Murgas}, F. and {Narita}, N. and {Nowak}, G. and {Onitsuka}, M. and {Paegert}, M. and {Van Eylen}, V. and {Winn}, J.~N. and {Yu}, L.},
        title = "{The K2-ESPRINT Project I: Discovery of the Disintegrating Rocky Planet K2-22b with a Cometary Head and Leading Tail}",
      journal = {\apj},
     keywords = {planetary systems, planets and satellites: atmospheres, planets and satellites: detection, Astrophysics - Earth and Planetary Astrophysics},
         year = 2015,
        month = oct,
       volume = {812},
       number = {2},
          eid = {112},
        pages = {112},
          doi = {10.1088/0004-637X/812/2/112},
archivePrefix = {arXiv},
       eprint = {1504.04379},
 primaryClass = {astro-ph.EP},
       adsurl = {https://ui.adsabs.harvard.edu/abs/2015ApJ...812..112S},
      adsnote = {Provided by the SAO/NASA Astrophysics Data System}
}


@INCOLLECTION{2018haex.bookE.142I,
       author = {{Izidoro}, Andr{\'e} and {Raymond}, Sean N.},
        title = "{Formation of Terrestrial Planets}",
     keywords = {Physics, Astrophysics - Earth and Planetary Astrophysics},
    booktitle = {Handbook of Exoplanets},
         year = 2018,
       editor = {{Deeg}, Hans J. and {Belmonte}, Juan Antonio},
          eid = {142},
        pages = {142},
          doi = {10.1007/978-3-319-55333-7_142},
       adsurl = {https://ui.adsabs.harvard.edu/abs/2018haex.bookE.142I},
      adsnote = {Provided by the SAO/NASA Astrophysics Data System}
}



@ARTICLE{2022arXiv220310023L,
       author = {{Lichtenberg}, Tim and {Schaefer}, Laura K. and {Nakajima}, Miki and {Fischer}, Rebecca A.},
        title = "{Geophysical Evolution During Rocky Planet Formation}",
      journal = {arXiv e-prints},
     keywords = {Astrophysics - Earth and Planetary Astrophysics, Astrophysics - Solar and Stellar Astrophysics, Physics - Atmospheric and Oceanic Physics, Physics - Geophysics},
         year = 2022,
        month = mar,
          eid = {arXiv:2203.10023},
        pages = {arXiv:2203.10023},
          doi = {10.48550/arXiv.2203.10023},
archivePrefix = {arXiv},
       eprint = {2203.10023},
 primaryClass = {astro-ph.EP},
       adsurl = {https://ui.adsabs.harvard.edu/abs/2022arXiv220310023L},
      adsnote = {Provided by the SAO/NASA Astrophysics Data System}
}


@ARTICLE{2017Natur.542..456G,
       author = {{Gillon}, Micha{\"e}l and {Triaud}, Amaury H.~M.~J. and {Demory}, Brice-Olivier and {Jehin}, Emmanu{\"e}l and {Agol}, Eric and {Deck}, Katherine M. and {Lederer}, Susan M. and {de Wit}, Julien and {Burdanov}, Artem and {Ingalls}, James G. and {Bolmont}, Emeline and {Leconte}, Jeremy and {Raymond}, Sean N. and {Selsis}, Franck and {Turbet}, Martin and {Barkaoui}, Khalid and {Burgasser}, Adam and {Burleigh}, Matthew R. and {Carey}, Sean J. and {Chaushev}, Aleksander and {Copperwheat}, Chris M. and {Delrez}, Laetitia and {Fernandes}, Catarina S. and {Holdsworth}, Daniel L. and {Kotze}, Enrico J. and {Van Grootel}, Val{\'e}rie and {Almleaky}, Yaseen and {Benkhaldoun}, Zouhair and {Magain}, Pierre and {Queloz}, Didier},
        title = "{Seven temperate terrestrial planets around the nearby ultracool dwarf star TRAPPIST-1}",
      journal = {\nat},
     keywords = {Astrophysics - Earth and Planetary Astrophysics},
         year = 2017,
        month = feb,
       volume = {542},
       number = {7642},
        pages = {456-460},
          doi = {10.1038/nature21360},
archivePrefix = {arXiv},
       eprint = {1703.01424},
 primaryClass = {astro-ph.EP},
       adsurl = {https://ui.adsabs.harvard.edu/abs/2017Natur.542..456G},
      adsnote = {Provided by the SAO/NASA Astrophysics Data System}
}


@ARTICLE{2022AJ....164...80R,
       author = {{Rebull}, L.~M. and {Stauffer}, J.~R. and {Hillenbrand}, L.~A. and {Cody}, A.~M. and {Kruse}, Ethan and {Powell}, Brian P.},
        title = "{Rotation of Low-mass Stars in Upper Centaurus-Lupus and Lower Centaurus-Crux with TESS}",
      journal = {\aj},
     keywords = {Stellar rotation, Stellar associations, Low mass stars, 1629, 1582, 2050, Astrophysics - Solar and Stellar Astrophysics, Astrophysics - Earth and Planetary Astrophysics},
         year = 2022,
        month = sep,
       volume = {164},
       number = {3},
          eid = {80},
        pages = {80},
          doi = {10.3847/1538-3881/ac75f1},
archivePrefix = {arXiv},
       eprint = {2205.13083},
 primaryClass = {astro-ph.SR},
       adsurl = {https://ui.adsabs.harvard.edu/abs/2022AJ....164...80R},
      adsnote = {Provided by the SAO/NASA Astrophysics Data System}
}


@ARTICLE{1989ApJ...345..245C,
       author = {{Cardelli}, Jason A. and {Clayton}, Geoffrey C. and {Mathis}, John S.},
        title = "{The Relationship between Infrared, Optical, and Ultraviolet Extinction}",
      journal = {\apj},
     keywords = {Infrared Spectra, Interstellar Extinction, Ultraviolet Spectra, Visible Spectrum, Computational Astrophysics, Interstellar Matter, Iue, Astrophysics, INTERSTELLAR: MATTER, ULTRAVIOLET: SPECTRA},
         year = 1989,
        month = oct,
       volume = {345},
        pages = {245},
          doi = {10.1086/167900},
       adsurl = {https://ui.adsabs.harvard.edu/abs/1989ApJ...345..245C},
      adsnote = {Provided by the SAO/NASA Astrophysics Data System}
}


@ARTICLE{1979MNRAS.187P..59W,
       author = {{Wishart}, A.~W.},
        title = "{The bound-free photo-detachment cross-section of H-}",
      journal = {\mnras},
         year = 1979,
        month = may,
       volume = {187},
        pages = {59P-61},
          doi = {10.1093/mnras/187.1.59P},
       adsurl = {https://ui.adsabs.harvard.edu/abs/1979MNRAS.187P..59W},
      adsnote = {Provided by the SAO/NASA Astrophysics Data System}
}


@ARTICLE{2006MNRAS.365..530D,
       author = {{Dunstone}, N.~J. and {Barnes}, J.~R. and {Collier Cameron}, A. and {Jardine}, M.},
        title = "{The coronal structure of Speedy Mic - I. A densely packed prominence system beyond corotation}",
      journal = {\mnras},
     keywords = {line: profiles, methods: data analysis, stars: activity, circumstellar matter, stars: individual: Speedy Mic (HD 197890), stars: late-type, Astrophysics},
         year = 2006,
        month = jan,
       volume = {365},
       number = {2},
        pages = {530-538},
          doi = {10.1111/j.1365-2966.2005.09729.x},
archivePrefix = {arXiv},
       eprint = {astro-ph/0510739},
 primaryClass = {astro-ph},
       adsurl = {https://ui.adsabs.harvard.edu/abs/2006MNRAS.365..530D},
      adsnote = {Provided by the SAO/NASA Astrophysics Data System}
}


@ARTICLE{2016MNRAS.463..965L,
       author = {{Leitzinger}, M. and {Odert}, P. and {Zaqarashvili}, T.~V. and {Greimel}, R. and {Hanslmeier}, A. and {Lammer}, H.},
        title = "{Indications of stellar prominence oscillations on fast rotating stars: the cases of HK Aqr and PZ Tel}",
      journal = {\mnras},
     keywords = {stars: activity, stars: individual: HK Aqr, stars: individual: PZ Tel, stars: late-type, Astrophysics - Solar and Stellar Astrophysics},
         year = 2016,
        month = nov,
       volume = {463},
       number = {1},
        pages = {965-979},
          doi = {10.1093/mnras/stw1922},
archivePrefix = {arXiv},
       eprint = {1608.00453},
 primaryClass = {astro-ph.SR},
       adsurl = {https://ui.adsabs.harvard.edu/abs/2016MNRAS.463..965L},
      adsnote = {Provided by the SAO/NASA Astrophysics Data System}
}



@ARTICLE{2000MNRAS.316..647F,
       author = {{Ferreira}, J.~M.},
        title = "{A model of slingshot prominences in rapidly rotating stars}",
      journal = {\mnras},
     keywords = {STARS: ACTIVITY, STARS: CORONAE, STARS: FLARE, STARS: MAGNETIC FIELDS, STARS: ROTATION},
         year = 2000,
        month = aug,
       volume = {316},
       number = {3},
        pages = {647-656},
          doi = {10.1046/j.1365-8711.2000.03540.x},
       adsurl = {https://ui.adsabs.harvard.edu/abs/2000MNRAS.316..647F},
      adsnote = {Provided by the SAO/NASA Astrophysics Data System}
}



@ARTICLE{2021ApJ...906...64A,
       author = {{Apai}, D{\'a}niel and {Nardiello}, Domenico and {Bedin}, Luigi R.},
        title = "{TESS Observations of the Luhman 16 AB Brown Dwarf System: Rotational Periods, Lightcurve Evolution, and Zonal Circulation}",
      journal = {\apj},
     keywords = {Exoplanet atmospheres, Atmospheric circulation, T dwarfs, Atmospheric variability, Stellar rotation, Photometry, 487, 112, 1679, 2119, 1629, 1234, Astrophysics - Earth and Planetary Astrophysics, Astrophysics - Solar and Stellar Astrophysics},
         year = 2021,
        month = jan,
       volume = {906},
       number = {1},
          eid = {64},
        pages = {64},
          doi = {10.3847/1538-4357/abcb97},
archivePrefix = {arXiv},
       eprint = {2101.02253},
 primaryClass = {astro-ph.EP},
       adsurl = {https://ui.adsabs.harvard.edu/abs/2021ApJ...906...64A},
      adsnote = {Provided by the SAO/NASA Astrophysics Data System}
}

@ARTICLE{2022ApJ...924...68V,
       author = {{Vos}, Johanna M. and {Faherty}, Jacqueline K. and {Gagn{\'e}}, Jonathan and {Marley}, Mark and {Metchev}, Stanimir and {Gizis}, John and {Rice}, Emily L. and {Cruz}, Kelle},
        title = "{Let the Great World Spin: Revealing the Stormy, Turbulent Nature of Young Giant Exoplanet Analogs with the Spitzer Space Telescope}",
      journal = {\apj},
     keywords = {185, 1679, 894, 549, 2119, Astrophysics - Earth and Planetary Astrophysics, Astrophysics - Solar and Stellar Astrophysics},
         year = 2022,
        month = jan,
       volume = {924},
       number = {2},
          eid = {68},
        pages = {68},
          doi = {10.3847/1538-4357/ac4502},
archivePrefix = {arXiv},
       eprint = {2201.04711},
 primaryClass = {astro-ph.EP},
       adsurl = {https://ui.adsabs.harvard.edu/abs/2022ApJ...924...68V},
      adsnote = {Provided by the SAO/NASA Astrophysics Data System}
}



@ARTICLE{2010AJ....140.1868W,
       author = {{Wright}, Edward L. and {Eisenhardt}, Peter R.~M. and {Mainzer}, Amy K. and {Ressler}, Michael E. and {Cutri}, Roc M. and {Jarrett}, Thomas and {Kirkpatrick}, J. Davy and {Padgett}, Deborah and {McMillan}, Robert S. and {Skrutskie}, Michael and {Stanford}, S.~A. and {Cohen}, Martin and {Walker}, Russell G. and {Mather}, John C. and {Leisawitz}, David and {Gautier}, Thomas N., III and {McLean}, Ian and {Benford}, Dominic and {Lonsdale}, Carol J. and {Blain}, Andrew and {Mendez}, Bryan and {Irace}, William R. and {Duval}, Valerie and {Liu}, Fengchuan and {Royer}, Don and {Heinrichsen}, Ingolf and {Howard}, Joan and {Shannon}, Mark and {Kendall}, Martha and {Walsh}, Amy L. and {Larsen}, Mark and {Cardon}, Joel G. and {Schick}, Scott and {Schwalm}, Mark and {Abid}, Mohamed and {Fabinsky}, Beth and {Naes}, Larry and {Tsai}, Chao-Wei},
        title = "{The Wide-field Infrared Survey Explorer (WISE): Mission Description and Initial On-orbit Performance}",
      journal = {\aj},
     keywords = {infrared: general, space vehicles, surveys, Astrophysics - Instrumentation and Methods for Astrophysics},
         year = 2010,
        month = dec,
       volume = {140},
       number = {6},
        pages = {1868-1881},
          doi = {10.1088/0004-6256/140/6/1868},
archivePrefix = {arXiv},
       eprint = {1008.0031},
 primaryClass = {astro-ph.IM},
       adsurl = {https://ui.adsabs.harvard.edu/abs/2010AJ....140.1868W},
      adsnote = {Provided by the SAO/NASA Astrophysics Data System}
}


@ARTICLE{2000AJ....120.1579Y,
       author = {{York}, Donald G. and {Adelman}, J. and {Anderson}, John E., Jr. and {Anderson}, Scott F. and {Annis}, James and {Bahcall}, Neta A. and {Bakken}, J.~A. and {Barkhouser}, Robert and {Bastian}, Steven and {Berman}, Eileen and {Boroski}, William N. and {Bracker}, Steve and {Briegel}, Charlie and {Briggs}, John W. and {Brinkmann}, J. and {Brunner}, Robert and {Burles}, Scott and {Carey}, Larry and {Carr}, Michael A. and {Castander}, Francisco J. and {Chen}, Bing and {Colestock}, Patrick L. and {Connolly}, A.~J. and {Crocker}, J.~H. and {Csabai}, Istv{\'a}n and {Czarapata}, Paul C. and {Davis}, John Eric and {Doi}, Mamoru and {Dombeck}, Tom and {Eisenstein}, Daniel and {Ellman}, Nancy and {Elms}, Brian R. and {Evans}, Michael L. and {Fan}, Xiaohui and {Federwitz}, Glenn R. and {Fiscelli}, Larry and {Friedman}, Scott and {Frieman}, Joshua A. and {Fukugita}, Masataka and {Gillespie}, Bruce and {Gunn}, James E. and {Gurbani}, Vijay K. and {de Haas}, Ernst and {Haldeman}, Merle and {Harris}, Frederick H. and {Hayes}, J. and {Heckman}, Timothy M. and {Hennessy}, G.~S. and {Hindsley}, Robert B. and {Holm}, Scott and {Holmgren}, Donald J. and {Huang}, Chi-hao and {Hull}, Charles and {Husby}, Don and {Ichikawa}, Shin-Ichi and {Ichikawa}, Takashi and {Ivezi{\'c}}, {\v{Z}}eljko and {Kent}, Stephen and {Kim}, Rita S.~J. and {Kinney}, E. and {Klaene}, Mark and {Kleinman}, A.~N. and {Kleinman}, S. and {Knapp}, G.~R. and {Korienek}, John and {Kron}, Richard G. and {Kunszt}, Peter Z. and {Lamb}, D.~Q. and {Lee}, B. and {Leger}, R. French and {Limmongkol}, Siriluk and {Lindenmeyer}, Carl and {Long}, Daniel C. and {Loomis}, Craig and {Loveday}, Jon and {Lucinio}, Rich and {Lupton}, Robert H. and {MacKinnon}, Bryan and {Mannery}, Edward J. and {Mantsch}, P.~M. and {Margon}, Bruce and {McGehee}, Peregrine and {McKay}, Timothy A. and {Meiksin}, Avery and {Merelli}, Aronne and {Monet}, David G. and {Munn}, Jeffrey A. and {Narayanan}, Vijay K. and {Nash}, Thomas and {Neilsen}, Eric and {Neswold}, Rich and {Newberg}, Heidi Jo and {Nichol}, R.~C. and {Nicinski}, Tom and {Nonino}, Mario and {Okada}, Norio and {Okamura}, Sadanori and {Ostriker}, Jeremiah P. and {Owen}, Russell and {Pauls}, A. George and {Peoples}, John and {Peterson}, R.~L. and {Petravick}, Donald and {Pier}, Jeffrey R. and {Pope}, Adrian and {Pordes}, Ruth and {Prosapio}, Angela and {Rechenmacher}, Ron and {Quinn}, Thomas R. and {Richards}, Gordon T. and {Richmond}, Michael W. and {Rivetta}, Claudio H. and {Rockosi}, Constance M. and {Ruthmansdorfer}, Kurt and {Sandford}, Dale and {Schlegel}, David J. and {Schneider}, Donald P. and {Sekiguchi}, Maki and {Sergey}, Gary and {Shimasaku}, Kazuhiro and {Siegmund}, Walter A. and {Smee}, Stephen and {Smith}, J. Allyn and {Snedden}, S. and {Stone}, R. and {Stoughton}, Chris and {Strauss}, Michael A. and {Stubbs}, Christopher and {SubbaRao}, Mark and {Szalay}, Alexander S. and {Szapudi}, Istvan and {Szokoly}, Gyula P. and {Thakar}, Anirudda R. and {Tremonti}, Christy and {Tucker}, Douglas L. and {Uomoto}, Alan and {Vanden Berk}, Dan and {Vogeley}, Michael S. and {Waddell}, Patrick and {Wang}, Shu-i. and {Watanabe}, Masaru and {Weinberg}, David H. and {Yanny}, Brian and {Yasuda}, Naoki and {SDSS Collaboration}},
        title = "{The Sloan Digital Sky Survey: Technical Summary}",
      journal = {\aj},
     keywords = {Cosmology: Observations, Instrumentation: Miscellaneous, Astrophysics},
         year = 2000,
        month = sep,
       volume = {120},
       number = {3},
        pages = {1579-1587},
          doi = {10.1086/301513},
archivePrefix = {arXiv},
       eprint = {astro-ph/0006396},
 primaryClass = {astro-ph},
       adsurl = {https://ui.adsabs.harvard.edu/abs/2000AJ....120.1579Y},
      adsnote = {Provided by the SAO/NASA Astrophysics Data System}
}



@ARTICLE{2016yCat.2336....0H,
       author = {{Henden}, A.~A. and {Templeton}, M. and {Terrell}, D. and {Smith}, T.~C. and {Levine}, S. and {Welch}, D.},
        title = "{VizieR Online Data Catalog: AAVSO Photometric All Sky Survey (APASS) DR9 (Henden+, 2016)}",
      journal = {VizieR Online Data Catalog},
     keywords = {Stars: variable, Photometry: UBV, Photometry: SDSS},
         year = 2016,
        month = jan,
          eid = {II/336},
        pages = {II/336},
       adsurl = {https://ui.adsabs.harvard.edu/abs/2016yCat.2336....0H},
      adsnote = {Provided by the SAO/NASA Astrophysics Data System}
}



@ARTICLE{2006AJ....131.1163S,
       author = {{Skrutskie}, M.~F. and {Cutri}, R.~M. and {Stiening}, R. and {Weinberg}, M.~D. and {Schneider}, S. and {Carpenter}, J.~M. and {Beichman}, C. and {Capps}, R. and {Chester}, T. and {Elias}, J. and {Huchra}, J. and {Liebert}, J. and {Lonsdale}, C. and {Monet}, D.~G. and {Price}, S. and {Seitzer}, P. and {Jarrett}, T. and {Kirkpatrick}, J.~D. and {Gizis}, J.~E. and {Howard}, E. and {Evans}, T. and {Fowler}, J. and {Fullmer}, L. and {Hurt}, R. and {Light}, R. and {Kopan}, E.~L. and {Marsh}, K.~A. and {McCallon}, H.~L. and {Tam}, R. and {Van Dyk}, S. and {Wheelock}, S.},
        title = "{The Two Micron All Sky Survey (2MASS)}",
      journal = {\aj},
     keywords = {Catalogs, Infrared: General, Surveys},
         year = 2006,
        month = feb,
       volume = {131},
       number = {2},
        pages = {1163-1183},
          doi = {10.1086/498708},
       adsurl = {https://ui.adsabs.harvard.edu/abs/2006AJ....131.1163S},
      adsnote = {Provided by the SAO/NASA Astrophysics Data System}
}



@INPROCEEDINGS{1999ASPC..158..146C,
       author = {{Collier Cameron}, A.},
        title = "{Stellar Prominences}",
    booktitle = {Solar and Stellar Activity:  Similarities and Differences},
         year = 1999,
       editor = {{Butler}, C.~J. and {Doyle}, J.~G.},
       series = {Astronomical Society of the Pacific Conference Series},
       volume = {158},
        month = jan,
        pages = {146},
       adsurl = {https://ui.adsabs.harvard.edu/abs/1999ASPC..158..146C},
      adsnote = {Provided by the SAO/NASA Astrophysics Data System}
}


@ARTICLE{2022MNRAS.511.4815B,
       author = {{Berry}, I.~D. and {Owocki}, S.~P. and {Shultz}, M.~E. and {ud-Doula}, A.},
        title = "{Electron scattering emission in the light curves of stars with centrifugal magnetospheres}",
      journal = {\mnras},
     keywords = {stars: chemically peculiar, stars: early-type, stars: magnetic field, stars: massive, stars: winds, outflows, Astrophysics - Solar and Stellar Astrophysics, Astrophysics - High Energy Astrophysical Phenomena},
         year = 2022,
        month = apr,
       volume = {511},
       number = {4},
        pages = {4815-4825},
          doi = {10.1093/mnras/stac322},
archivePrefix = {arXiv},
       eprint = {2202.00615},
 primaryClass = {astro-ph.SR},
       adsurl = {https://ui.adsabs.harvard.edu/abs/2022MNRAS.511.4815B},
      adsnote = {Provided by the SAO/NASA Astrophysics Data System}
}



@ARTICLE{2005ApJ...630L..81T,
       author = {{Townsend}, R.~H.~D. and {Owocki}, S.~P. and {Groote}, D.},
        title = "{The Rigidly Rotating Magnetosphere of {\ensuremath{\sigma}} Orionis E}",
      journal = {\apjl},
     keywords = {Stars: Circumstellar Matter, Stars: Chemically Peculiar, Stars: Early-Type, stars: individual (HD 37479), Stars: Magnetic Fields, Stars: Rotation, Astrophysics},
         year = 2005,
        month = sep,
       volume = {630},
       number = {1},
        pages = {L81-L84},
          doi = {10.1086/462413},
archivePrefix = {arXiv},
       eprint = {astro-ph/0503668},
 primaryClass = {astro-ph},
       adsurl = {https://ui.adsabs.harvard.edu/abs/2005ApJ...630L..81T},
      adsnote = {Provided by the SAO/NASA Astrophysics Data System}
}



@ARTICLE{1977ApJ...216L..31H,
       author = {{Hesser}, J.~E. and {Ugarte}, P.~P. and {Moreno}, H.},
        title = "{On the period and luminosity stability of Sigma Orionis E.}",
      journal = {\apjl},
     keywords = {B Stars, Early Stars, Variable Stars, Astronomical Photometry, Light Curve, Secular Variations, Stellar Models, Astronomy},
         year = 1977,
        month = aug,
       volume = {216},
        pages = {L31-L33},
          doi = {10.1086/182503},
       adsurl = {https://ui.adsabs.harvard.edu/abs/1977ApJ...216L..31H},
      adsnote = {Provided by the SAO/NASA Astrophysics Data System}
}



@BOOK{1992oasp.book.....G,
       author = {{Gray}, D.~F.},
        title = "{The observation and analysis of stellar photospheres.}",
         year = 1992,
       volume = {20},
       adsurl = {https://ui.adsabs.harvard.edu/abs/1992oasp.book.....G},
      adsnote = {Provided by the SAO/NASA Astrophysics Data System}
}


@ARTICLE{2005MNRAS.357..251T,
       author = {{Townsend}, R.~H.~D. and {Owocki}, S.~P.},
        title = "{A rigidly rotating magnetosphere model for circumstellar emission from magnetic OB stars}",
      journal = {\mnras},
     keywords = {stars: chemically peculiar, stars: early-type, stars: emission-line, Be, stars: magnetic fields, stars: mass-loss, stars: rotation, Astrophysics},
         year = 2005,
        month = feb,
       volume = {357},
       number = {1},
        pages = {251-264},
          doi = {10.1111/j.1365-2966.2005.08642.x},
archivePrefix = {arXiv},
       eprint = {astro-ph/0408565},
 primaryClass = {astro-ph},
       adsurl = {https://ui.adsabs.harvard.edu/abs/2005MNRAS.357..251T},
      adsnote = {Provided by the SAO/NASA Astrophysics Data System}
}


@ARTICLE{2020PASJ...72...23T,
       author = {{Tanimoto}, Yuta and {Yamashita}, Takuya and {Ui}, Takahiro and {Uchiyama}, Mizuho and {Kawabata}, Miho and {Mori}, Hiroki and {Nakaoka}, Tatsuya and {Abe}, Taisei and {Itoh}, Ryosuke and {Kanda}, Yuka and {Kawaguchi}, Kenji and {Kawahara}, Naoki and {Otsubo}, Ikki and {Shiki}, Kensei and {Takagi}, Kengo and {Takaki}, Katsutoshi and {Akitaya}, Hiroshi and {Yamanaka}, Masayuki and {Kawabata}, Koji S.},
        title = "{Evidence for planetary hypothesis for PTFO 8-8695 b with five-year optical/infrared monitoring observations}",
      journal = {\pasj},
     keywords = {planetary systems, stars: individual (PTFO 8-8695, CVSO 30), techniques: photometric, Astrophysics - Earth and Planetary Astrophysics, Astrophysics - Solar and Stellar Astrophysics},
         year = 2020,
        month = apr,
       volume = {72},
       number = {2},
          eid = {23},
        pages = {23},
          doi = {10.1093/pasj/psz145},
archivePrefix = {arXiv},
       eprint = {2001.00148},
 primaryClass = {astro-ph.EP},
       adsurl = {https://ui.adsabs.harvard.edu/abs/2020PASJ...72...23T},
      adsnote = {Provided by the SAO/NASA Astrophysics Data System}
}



@ARTICLE{2017PASJ...69L...2O,
       author = {{Onitsuka}, Masahiro and {Fukui}, Akihiko and {Narita}, Norio and {Hirano}, Teruyuki and {Kusakabe}, Nobuhiko and {Ryu}, Tsuguru and {Tamura}, Motohide},
        title = "{Multi-color simultaneous photometry of the T-Tauri star with planetary candidate, CVSO 30}",
      journal = {\pasj},
     keywords = {planetary systems, stars: individual (CVSO 30, PTFO 8-8695), techniques: photometric, Astrophysics - Earth and Planetary Astrophysics},
         year = 2017,
        month = apr,
       volume = {69},
       number = {2},
          eid = {L2},
        pages = {L2},
          doi = {10.1093/pasj/psx004},
archivePrefix = {arXiv},
       eprint = {1701.01588},
 primaryClass = {astro-ph.EP},
       adsurl = {https://ui.adsabs.harvard.edu/abs/2017PASJ...69L...2O},
      adsnote = {Provided by the SAO/NASA Astrophysics Data System}
}



@ARTICLE{2019MNRAS.482.2853J,
       author = {{Jardine}, Moira and {Collier Cameron}, Andrew},
        title = "{Slingshot prominences: nature's wind gauges}",
      journal = {\mnras},
     keywords = {stars: coronae, stars: late-type, stars: magnetic field, stars: mass-loss, stars: rotation, stars: winds, outflows, Astrophysics - Solar and Stellar Astrophysics},
         year = 2019,
        month = jan,
       volume = {482},
       number = {3},
        pages = {2853-2860},
          doi = {10.1093/mnras/sty2872},
archivePrefix = {arXiv},
       eprint = {1810.09319},
 primaryClass = {astro-ph.SR},
       adsurl = {https://ui.adsabs.harvard.edu/abs/2019MNRAS.482.2853J},
      adsnote = {Provided by the SAO/NASA Astrophysics Data System}
}



@ARTICLE{1989MNRAS.238..657C,
       author = {{Collier Cameron}, A. and {Robinson}, R.~D.},
        title = "{Fast H{\ensuremath{\alpha}} variations on a rapidly rotating, cool main-sequence star-II. Cloud formation and ejection.}",
      journal = {\mnras},
     keywords = {Cool Stars, H Alpha Line, Main Sequence Stars, Stellar Rotation, Variable Stars, Angular Momentum, Molecular Clouds, Stellar Envelopes, Stellar Magnetic Fields, Astrophysics},
         year = 1989,
        month = may,
       volume = {238},
        pages = {657-674},
          doi = {10.1093/mnras/238.2.657},
       adsurl = {https://ui.adsabs.harvard.edu/abs/1989MNRAS.238..657C},
      adsnote = {Provided by the SAO/NASA Astrophysics Data System}
}



@ARTICLE{1993MNRAS.262..369J,
       author = {{Jeffries}, R.~D.},
        title = "{Prominence activity on the rapidly rotating field star HD 197890.}",
      journal = {\mnras},
     keywords = {Cool Stars, H Alpha Line, Stellar Activity, Stellar Physics, Stellar Rotation, Stellar Spectra, Stellar Atmospheres, Stellar Magnetic Fields, Astrophysics},
         year = 1993,
        month = may,
       volume = {262},
        pages = {369-376},
          doi = {10.1093/mnras/262.2.369},
       adsurl = {https://ui.adsabs.harvard.edu/abs/1993MNRAS.262..369J},
      adsnote = {Provided by the SAO/NASA Astrophysics Data System}
}



@ARTICLE{2019ApJ...873...89M,
       author = {{McCann}, John and {Murray-Clay}, Ruth A. and {Kratter}, Kaitlin and {Krumholz}, Mark R.},
        title = "{Morphology of Hydrodynamic Winds: A Study of Planetary Winds in Stellar Environments}",
      journal = {\apj},
     keywords = {hydrodynamics, methods: numerical, planet{\textendash}star interactions, planets and satellites: atmospheres, planets and satellites: gaseous planets, radiative transfer, Astrophysics - Earth and Planetary Astrophysics},
         year = 2019,
        month = mar,
       volume = {873},
       number = {1},
          eid = {89},
        pages = {89},
          doi = {10.3847/1538-4357/ab05b8},
archivePrefix = {arXiv},
       eprint = {1811.09276},
 primaryClass = {astro-ph.EP},
       adsurl = {https://ui.adsabs.harvard.edu/abs/2019ApJ...873...89M},
      adsnote = {Provided by the SAO/NASA Astrophysics Data System}
}



@ARTICLE{2022ApJ...926..226M,
       author = {{MacLeod}, Morgan and {Oklop{\v{c}}i{\'c}}, Antonija},
        title = "{Stellar Wind Confinement of Evaporating Exoplanet Atmospheres and Its Signatures in 1083 nm Observations}",
      journal = {\apj},
     keywords = {1963, 1636, 498, 487, 2177, Astrophysics - Earth and Planetary Astrophysics, Astrophysics - Solar and Stellar Astrophysics},
         year = 2022,
        month = feb,
       volume = {926},
       number = {2},
          eid = {226},
        pages = {226},
          doi = {10.3847/1538-4357/ac46ce},
archivePrefix = {arXiv},
       eprint = {2107.07534},
 primaryClass = {astro-ph.EP},
       adsurl = {https://ui.adsabs.harvard.edu/abs/2022ApJ...926..226M},
      adsnote = {Provided by the SAO/NASA Astrophysics Data System}
}


@ARTICLE{2021ApJ...912..123J,
       author = {{Justesen}, Anders B. and {Albrecht}, Simon},
        title = "{Temperature and Distance Dependence of Tidal Circularization in Close Binaries: A Catalog of Eclipsing Binaries in the Southern Hemisphere Observed by the TESS Satellite}",
      journal = {\apj},
     keywords = {Binary stars, Close binary stars, Detached binary stars, Eclipsing binary stars, Light curves, Tides, Tidal interaction, 154, 254, 375, 444, 918, 1702, 1699, Astrophysics - Solar and Stellar Astrophysics, Astrophysics - Earth and Planetary Astrophysics},
         year = 2021,
        month = may,
       volume = {912},
       number = {2},
          eid = {123},
        pages = {123},
          doi = {10.3847/1538-4357/abefcd},
archivePrefix = {arXiv},
       eprint = {2103.09216},
 primaryClass = {astro-ph.SR},
       adsurl = {https://ui.adsabs.harvard.edu/abs/2021ApJ...912..123J},
      adsnote = {Provided by the SAO/NASA Astrophysics Data System}
}



@ARTICLE{2015ApJ...813..108D,
       author = {{Dahm}, S.~E.},
        title = "{Reexamining the Lithium Depletion Boundary in the Pleiades and the Inferred Age of the Cluster}",
      journal = {\apj},
     keywords = {open clusters and associations: individual: M45, stars: low-mass},
         year = 2015,
        month = nov,
       volume = {813},
       number = {2},
          eid = {108},
        pages = {108},
          doi = {10.1088/0004-637X/813/2/108},
       adsurl = {https://ui.adsabs.harvard.edu/abs/2015ApJ...813..108D},
      adsnote = {Provided by the SAO/NASA Astrophysics Data System}
}


@ARTICLE{2015MNRAS.454..593B,
       author = {{Bell}, Cameron P.~M. and {Mamajek}, Eric E. and {Naylor}, Tim},
        title = "{A self-consistent, absolute isochronal age scale for young moving groups in the solar neighbourhood}",
      journal = {\mnras},
     keywords = {techniques: photometric, stars: evolution, Hertzsprung-Russell and colour-magnitude diagrams, stars: pre-main-sequence, open clusters and associations: general, solar neighbourhood, Astrophysics - Solar and Stellar Astrophysics, Astrophysics - Astrophysics of Galaxies},
         year = 2015,
        month = nov,
       volume = {454},
       number = {1},
        pages = {593-614},
          doi = {10.1093/mnras/stv1981},
archivePrefix = {arXiv},
       eprint = {1508.05955},
 primaryClass = {astro-ph.SR},
       adsurl = {https://ui.adsabs.harvard.edu/abs/2015MNRAS.454..593B},
      adsnote = {Provided by the SAO/NASA Astrophysics Data System}
}


@ARTICLE{2015Natur.526..546V,
       author = {{Vanderburg}, Andrew and {Johnson}, John Asher and {Rappaport}, Saul and {Bieryla}, Allyson and {Irwin}, Jonathan and {Lewis}, John Arban and {Kipping}, David and {Brown}, Warren R. and {Dufour}, Patrick and {Ciardi}, David R. and {Angus}, Ruth and {Schaefer}, Laura and {Latham}, David W. and {Charbonneau}, David and {Beichman}, Charles and {Eastman}, Jason and {McCrady}, Nate and {Wittenmyer}, Robert A. and {Wright}, Jason T.},
        title = "{A disintegrating minor planet transiting a white dwarf}",
      journal = {\nat},
     keywords = {Astrophysics - Earth and Planetary Astrophysics, Astrophysics - Solar and Stellar Astrophysics},
         year = 2015,
        month = oct,
       volume = {526},
       number = {7574},
        pages = {546-549},
          doi = {10.1038/nature15527},
archivePrefix = {arXiv},
       eprint = {1510.06387},
 primaryClass = {astro-ph.EP},
       adsurl = {https://ui.adsabs.harvard.edu/abs/2015Natur.526..546V},
      adsnote = {Provided by the SAO/NASA Astrophysics Data System}
}


@ARTICLE{2014ApJ...784...40R,
       author = {{Rappaport}, Saul and {Barclay}, Thomas and {DeVore}, John and {Rowe}, Jason and {Sanchis-Ojeda}, Roberto and {Still}, Martin},
        title = "{KOI-2700b{\textemdash}A Planet Candidate with Dusty Effluents on a 22 hr Orbit}",
      journal = {\apj},
     keywords = {planetary systems, planets and satellites: detection, planets and satellites: individual: KOI-2700b, Astrophysics - Earth and Planetary Astrophysics},
         year = 2014,
        month = mar,
       volume = {784},
       number = {1},
          eid = {40},
        pages = {40},
          doi = {10.1088/0004-637X/784/1/40},
archivePrefix = {arXiv},
       eprint = {1312.2054},
 primaryClass = {astro-ph.EP},
       adsurl = {https://ui.adsabs.harvard.edu/abs/2014ApJ...784...40R},
      adsnote = {Provided by the SAO/NASA Astrophysics Data System}
}



@ARTICLE{2019A&A...625L..13Z,
       author = {{Zieba}, S. and {Zwintz}, K. and {Kenworthy}, M.~A. and {Kennedy}, G.~M.},
        title = "{Transiting exocomets detected in broadband light by TESS in the {\ensuremath{\beta}} Pictoris system}",
      journal = {\aap},
     keywords = {comets: general, planetary systems, stars: individual: {\ensuremath{\beta}} Pictoris, techniques: photometric, circumstellar matter, Astrophysics - Solar and Stellar Astrophysics, Astrophysics - Earth and Planetary Astrophysics},
         year = 2019,
        month = may,
       volume = {625},
          eid = {L13},
        pages = {L13},
          doi = {10.1051/0004-6361/201935552},
archivePrefix = {arXiv},
       eprint = {1903.11071},
 primaryClass = {astro-ph.SR},
       adsurl = {https://ui.adsabs.harvard.edu/abs/2019A&A...625L..13Z},
      adsnote = {Provided by the SAO/NASA Astrophysics Data System}
}


@ARTICLE{2016ApJ...816...69A,
       author = {{Ansdell}, M. and {Gaidos}, E. and {Rappaport}, S.~A. and {Jacobs}, T.~L. and {LaCourse}, D.~M. and {Jek}, K.~J. and {Mann}, A.~W. and {Wyatt}, M.~C. and {Kennedy}, G. and {Williams}, J.~P. and {Boyajian}, T.~S.},
        title = "{Young ``Dipper'' Stars in Upper Sco and Oph Observed by K2}",
      journal = {\apj},
     keywords = {protoplanetary disks, stars: late-type, stars: variables: T Tauri, Herbig Ae/Be, submillimeter: stars, Astrophysics - Earth and Planetary Astrophysics, Astrophysics - Solar and Stellar Astrophysics},
         year = 2016,
        month = jan,
       volume = {816},
       number = {2},
          eid = {69},
        pages = {69},
          doi = {10.3847/0004-637X/816/2/69},
archivePrefix = {arXiv},
       eprint = {1510.08853},
 primaryClass = {astro-ph.EP},
       adsurl = {https://ui.adsabs.harvard.edu/abs/2016ApJ...816...69A},
      adsnote = {Provided by the SAO/NASA Astrophysics Data System}
}



@ARTICLE{2022ApJS..263...14C,
       author = {{Capistrant}, Benjamin K. and {Soares-Furtado}, Melinda and {Vanderburg}, Andrew and {Kounkel}, Marina and {Rappaport}, Saul A. and {Omohundro}, Mark and {Powell}, Brian P. and {Gagliano}, Robert and {Jacobs}, Thomas and {Kostov}, Veselin B. and {Kristiansen}, Martti H. and {LaCourse}, Daryll M. and {Schmitt}, Allan R. and {Schwengeler}, Hans Martin and {Terentev}, Ivan A.},
        title = "{A Population of Dipper Stars from the Transiting Exoplanet Survey Satellite Mission}",
      journal = {\apjs},
     keywords = {W Virginis variable stars, Pre-main sequence, Classical T Tauri stars, Photometry, 1784, 1289, 252, 1234, Astrophysics - Solar and Stellar Astrophysics, Astrophysics - Earth and Planetary Astrophysics},
         year = 2022,
        month = nov,
       volume = {263},
       number = {1},
          eid = {14},
        pages = {14},
          doi = {10.3847/1538-4365/ac9125},
archivePrefix = {arXiv},
       eprint = {2209.03379},
 primaryClass = {astro-ph.SR},
       adsurl = {https://ui.adsabs.harvard.edu/abs/2022ApJS..263...14C},
      adsnote = {Provided by the SAO/NASA Astrophysics Data System}
}



@ARTICLE{2015A&A...582L...5R,
       author = {{Rodriguez}, David R. and {van der Plas}, Gerrit and {Kastner}, Joel H. and {Schneider}, Adam C. and {Faherty}, Jacqueline K. and {Mardones}, Diego and {Mohanty}, Subhanjoy and {Principe}, David},
        title = "{An ALMA survey for disks orbiting low-mass stars in the TW Hya Association}",
      journal = {\aap},
     keywords = {open clusters and associations: individual: TW Hya, protoplanetary disks, stars: evolution, stars: pre-main sequence, Astrophysics - Solar and Stellar Astrophysics, Astrophysics - Earth and Planetary Astrophysics, Astrophysics - Astrophysics of Galaxies},
         year = 2015,
        month = oct,
       volume = {582},
          eid = {L5},
        pages = {L5},
          doi = {10.1051/0004-6361/201527031},
archivePrefix = {arXiv},
       eprint = {1509.04589},
 primaryClass = {astro-ph.SR},
       adsurl = {https://ui.adsabs.harvard.edu/abs/2015A&A...582L...5R},
      adsnote = {Provided by the SAO/NASA Astrophysics Data System}
}


@ARTICLE{2013ApJS..208....9P,
       author = {{Pecaut}, Mark J. and {Mamajek}, Eric E.},
        title = "{Intrinsic Colors, Temperatures, and Bolometric Corrections of Pre-main-sequence Stars}",
      journal = {\apjs},
     keywords = {open clusters and associations: individual: {\ensuremath{\eta}} Cha cluster TW Hydra Association {\ensuremath{\beta}} Pic Moving Group Tucana-Horologium Association, stars: fundamental parameters, stars: pre-main sequence, Astrophysics - Solar and Stellar Astrophysics},
         year = 2013,
        month = sep,
       volume = {208},
       number = {1},
          eid = {9},
        pages = {9},
          doi = {10.1088/0067-0049/208/1/9},
archivePrefix = {arXiv},
       eprint = {1307.2657},
 primaryClass = {astro-ph.SR},
       adsurl = {https://ui.adsabs.harvard.edu/abs/2013ApJS..208....9P},
      adsnote = {Provided by the SAO/NASA Astrophysics Data System}
}



@INCOLLECTION{2010exop.book...55W,
       author = {{Winn}, J.~N.},
        title = "{Exoplanet Transits and Occultations}",
    booktitle = {Exoplanets},
         year = 2010,
       editor = {{Seager}, S.},
        pages = {55-77},
       adsurl = {https://ui.adsabs.harvard.edu/abs/2010exop.book...55W},
      adsnote = {Provided by the SAO/NASA Astrophysics Data System}
}



@ARTICLE{2017ApJ...836..200G,
       author = {{Gully-Santiago}, Michael A. and {Herczeg}, Gregory J. and {Czekala}, Ian and {Somers}, Garrett and {Grankin}, Konstantin and {Covey}, Kevin R. and {Donati}, J.~F. and {Alencar}, Silvia H.~P. and {Hussain}, Gaitee A.~J. and {Shappee}, Benjamin J. and {Mace}, Gregory N. and {Lee}, Jae-Joon and {Holoien}, T.~W. -S. and {Jose}, Jessy and {Liu}, Chun-Fan},
        title = "{Placing the Spotted T Tauri Star LkCa 4 on an HR Diagram}",
      journal = {\apj},
     keywords = {stars: fundamental parameters, stars: individual: LkCa 4, stars: low-mass, stars: statistics, Astrophysics - Solar and Stellar Astrophysics, Astrophysics - Instrumentation and Methods for Astrophysics},
         year = 2017,
        month = feb,
       volume = {836},
       number = {2},
          eid = {200},
        pages = {200},
          doi = {10.3847/1538-4357/836/2/200},
archivePrefix = {arXiv},
       eprint = {1701.06703},
 primaryClass = {astro-ph.SR},
       adsurl = {https://ui.adsabs.harvard.edu/abs/2017ApJ...836..200G},
      adsnote = {Provided by the SAO/NASA Astrophysics Data System}
}



@ARTICLE{2013A&A...556A..15R,
       author = {{Rajpurohit}, A.~S. and {Reyl{\'e}}, C. and {Allard}, F. and {Homeier}, D. and {Schultheis}, M. and {Bessell}, M.~S. and {Robin}, A.~C.},
        title = "{The effective temperature scale of M dwarfs}",
      journal = {\aap},
     keywords = {stars: atmospheres, stars: low-mass, stars: fundamental parameters, Astrophysics - Solar and Stellar Astrophysics},
         year = 2013,
        month = aug,
       volume = {556},
          eid = {A15},
        pages = {A15},
          doi = {10.1051/0004-6361/201321346},
archivePrefix = {arXiv},
       eprint = {1304.4072},
 primaryClass = {astro-ph.SR},
       adsurl = {https://ui.adsabs.harvard.edu/abs/2013A&A...556A..15R},
      adsnote = {Provided by the SAO/NASA Astrophysics Data System}
}



@ARTICLE{2006MNRAS.368.1087B,
       author = {{Barber}, R.~J. and {Tennyson}, J. and {Harris}, G.~J. and {Tolchenov}, R.~N.},
        title = "{A high-accuracy computed water line list}",
      journal = {\mnras},
     keywords = {line: identification: molecular data: radiation mechanisms: general: comets: general: stars: low-mass, brown dwarfs: infrared: general, line: identification, molecular data, radiation mechanisms: general, comets: general, stars: low-mass, brown dwarfs, infrared: general, Astrophysics},
         year = 2006,
        month = may,
       volume = {368},
       number = {3},
        pages = {1087-1094},
          doi = {10.1111/j.1365-2966.2006.10184.x},
archivePrefix = {arXiv},
       eprint = {astro-ph/0601236},
 primaryClass = {astro-ph},
       adsurl = {https://ui.adsabs.harvard.edu/abs/2006MNRAS.368.1087B},
      adsnote = {Provided by the SAO/NASA Astrophysics Data System}
}



@ARTICLE{2014MNRAS.444.2525C,
       author = {{Chen}, Yang and {Girardi}, L{\'e}o and {Bressan}, Alessandro and {Marigo}, Paola and {Barbieri}, Mauro and {Kong}, Xu},
        title = "{Improving PARSEC models for very low mass stars}",
      journal = {\mnras},
     keywords = {stars: evolution, Hertzsprung-Russell and colour-magnitude diagrams, stars: low-mass, Astrophysics - Solar and Stellar Astrophysics},
         year = 2014,
        month = nov,
       volume = {444},
       number = {3},
        pages = {2525-2543},
          doi = {10.1093/mnras/stu1605},
archivePrefix = {arXiv},
       eprint = {1409.0322},
 primaryClass = {astro-ph.SR},
       adsurl = {https://ui.adsabs.harvard.edu/abs/2014MNRAS.444.2525C},
      adsnote = {Provided by the SAO/NASA Astrophysics Data System}
}



@ARTICLE{2012MNRAS.427..127B,
       author = {{Bressan}, Alessandro and {Marigo}, Paola and {Girardi}, L{\'e}o. and {Salasnich}, Bernardo and {Dal Cero}, Claudia and {Rubele}, Stefano and {Nanni}, Ambra},
        title = "{PARSEC: stellar tracks and isochrones with the PAdova and TRieste Stellar Evolution Code}",
      journal = {\mnras},
     keywords = {stars: evolution, Hertzsprung{\ensuremath{-}}Russell and colour magnitude diagrams, stars: interiors, stars: low-mass, Astrophysics - Solar and Stellar Astrophysics},
         year = 2012,
        month = nov,
       volume = {427},
       number = {1},
        pages = {127-145},
          doi = {10.1111/j.1365-2966.2012.21948.x},
archivePrefix = {arXiv},
       eprint = {1208.4498},
 primaryClass = {astro-ph.SR},
       adsurl = {https://ui.adsabs.harvard.edu/abs/2012MNRAS.427..127B},
      adsnote = {Provided by the SAO/NASA Astrophysics Data System}
}


@ARTICLE{2020ApJ...891...29S,
       author = {{Somers}, Garrett and {Cao}, Lyra and {Pinsonneault}, Marc H.},
        title = "{The SPOTS Models: A Grid of Theoretical Stellar Evolution Tracks and Isochrones for Testing the Effects of Starspots on Structure and Colors}",
      journal = {\apj},
     keywords = {Young star clusters, Starspots, Magnetic stars, Stellar ages, Stellar properties, Early stellar evolution, Stellar evolution, 1833, 1572, 995, 1581, 1624, 434, 1599, Astrophysics - Solar and Stellar Astrophysics},
         year = 2020,
        month = mar,
       volume = {891},
       number = {1},
          eid = {29},
        pages = {29},
          doi = {10.3847/1538-4357/ab722e},
archivePrefix = {arXiv},
       eprint = {2002.10644},
 primaryClass = {astro-ph.SR},
       adsurl = {https://ui.adsabs.harvard.edu/abs/2020ApJ...891...29S},
      adsnote = {Provided by the SAO/NASA Astrophysics Data System}
}


@ARTICLE{2015ApJ...804..146D,
       author = {{David}, Trevor J. and {Hillenbrand}, Lynne A.},
        title = "{The Ages of Early-type Stars: Str{\"o}mgren Photometric Methods Calibrated, Validated, Tested, and Applied to Hosts and Prospective Hosts of Directly Imaged Exoplanets}",
      journal = {\apj},
     keywords = {catalogs, Hertzsprung{\textendash}Russell and C{\textendash}M diagrams, planetary systems, stars: early-type, stars: evolution, stars: fundamental parameters, Astrophysics - Solar and Stellar Astrophysics},
         year = 2015,
        month = may,
       volume = {804},
       number = {2},
          eid = {146},
        pages = {146},
          doi = {10.1088/0004-637X/804/2/146},
archivePrefix = {arXiv},
       eprint = {1501.03154},
 primaryClass = {astro-ph.SR},
       adsurl = {https://ui.adsabs.harvard.edu/abs/2015ApJ...804..146D},
      adsnote = {Provided by the SAO/NASA Astrophysics Data System}
}



@ARTICLE{2012ApJ...756...47S,
       author = {{Stassun}, Keivan G. and {Kratter}, Kaitlin M. and {Scholz}, Aleks and {Dupuy}, Trent J.},
        title = "{An Empirical Correction for Activity Effects on the Temperatures, Radii, and Estimated Masses of Low-mass Stars and Brown Dwarfs}",
      journal = {\apj},
     keywords = {brown dwarfs, stars: activity, stars: fundamental parameters, stars: low-mass, Astrophysics - Solar and Stellar Astrophysics},
         year = 2012,
        month = sep,
       volume = {756},
       number = {1},
          eid = {47},
        pages = {47},
          doi = {10.1088/0004-637X/756/1/47},
archivePrefix = {arXiv},
       eprint = {1206.4930},
 primaryClass = {astro-ph.SR},
       adsurl = {https://ui.adsabs.harvard.edu/abs/2012ApJ...756...47S},
      adsnote = {Provided by the SAO/NASA Astrophysics Data System}
}



@ARTICLE{2020MNRAS.493.3132S,
       author = {{Speagle}, Joshua S.},
        title = "{DYNESTY: a dynamic nested sampling package for estimating Bayesian posteriors and evidences}",
      journal = {\mnras},
     keywords = {methods: data analysis, methods: statistical, Astrophysics - Instrumentation and Methods for Astrophysics, Statistics - Computation},
         year = 2020,
        month = apr,
       volume = {493},
       number = {3},
        pages = {3132-3158},
          doi = {10.1093/mnras/staa278},
archivePrefix = {arXiv},
       eprint = {1904.02180},
 primaryClass = {astro-ph.IM},
       adsurl = {https://ui.adsabs.harvard.edu/abs/2020MNRAS.493.3132S},
      adsnote = {Provided by the SAO/NASA Astrophysics Data System}
}



@MISC{2018ascl.soft12013L,
       author = {{Lightkurve Collaboration} and {Cardoso}, Jos{\'e} Vin{\'\i}cius de Miranda and {Hedges}, Christina and {Gully-Santiago}, Michael and {Saunders}, Nicholas and {Cody}, Ann Marie and {Barclay}, Thomas and {Hall}, Oliver and {Sagear}, Sheila and {Turtelboom}, Emma and {Zhang}, Johnny and {Tzanidakis}, Andy and {Mighell}, Ken and {Coughlin}, Jeff and {Bell}, Keaton and {Berta-Thompson}, Zach and {Williams}, Peter and {Dotson}, Jessie and {Barentsen}, Geert},
        title = "{Lightkurve: Kepler and TESS time series analysis in Python}",
     keywords = {Software, NASA, Kepler, TESS},
 howpublished = {Astrophysics Source Code Library, record ascl:1812.013},
         year = 2018,
        month = dec,
          eid = {ascl:1812.013},
        pages = {ascl:1812.013},
archivePrefix = {ascl},
       eprint = {1812.013},
       adsurl = {https://ui.adsabs.harvard.edu/abs/2018ascl.soft12013L},
      adsnote = {Provided by the SAO/NASA Astrophysics Data System}
}



@ARTICLE{2021AJ....161..147B,
       author = {{Bailer-Jones}, C.~A.~L. and {Rybizki}, J. and {Fouesneau}, M. and {Demleitner}, M. and {Andrae}, R.},
        title = "{Estimating Distances from Parallaxes. V. Geometric and Photogeometric Distances to 1.47 Billion Stars in Gaia Early Data Release 3}",
      journal = {\aj},
     keywords = {Catalogs, Galaxy structure, Bayesian statistics, Parallax, Stellar parallax, Photometric parallax, Distance indicators, Astrometry, Markov chain Monte Carlo, Absolute magnitude, 205, 622, 1900, 1197, 1618, 1231, 394, 80, 1889, 10, Astrophysics - Solar and Stellar Astrophysics, Astrophysics - Astrophysics of Galaxies},
         year = 2021,
        month = mar,
       volume = {161},
       number = {3},
          eid = {147},
        pages = {147},
          doi = {10.3847/1538-3881/abd806},
archivePrefix = {arXiv},
       eprint = {2012.05220},
 primaryClass = {astro-ph.SR},
       adsurl = {https://ui.adsabs.harvard.edu/abs/2021AJ....161..147B},
      adsnote = {Provided by the SAO/NASA Astrophysics Data System}
}



@ARTICLE{2009ARA&A..47..481A,
       author = {{Asplund}, Martin and {Grevesse}, Nicolas and {Sauval}, A. Jacques and {Scott}, Pat},
        title = "{The Chemical Composition of the Sun}",
      journal = {\araa},
     keywords = {Astrophysics - Solar and Stellar Astrophysics, Astrophysics - Earth and Planetary Astrophysics},
         year = 2009,
        month = sep,
       volume = {47},
       number = {1},
        pages = {481-522},
          doi = {10.1146/annurev.astro.46.060407.145222},
archivePrefix = {arXiv},
       eprint = {0909.0948},
 primaryClass = {astro-ph.SR},
       adsurl = {https://ui.adsabs.harvard.edu/abs/2009ARA&A..47..481A},
      adsnote = {Provided by the SAO/NASA Astrophysics Data System}
}



@article{Allard2012,
    abstract = {Within the next few years, GAIA and several instruments aiming at imag- ing extrasolar planets will see first light. In parallel, low mass planets are being searched around red dwarfs which offer more favourable conditions, both for radial velocity de- tection and transit studies, than solar-type stars. Authors of the model atmosphere code which has allowed the detection of water vapour in the atmosphere of Hot Jupiters re- view recent advancement in modelling the stellar to substellar transition. The revised solar oxygen abundances and cloud model allow for the first time to reproduce the pho- tometric and spectroscopic properties of this transition. Also presented are highlight results of a model atmosphere grid for stars, brown dwarfs and extrasolar planets.},
      author = {Allard, F. and Homeier, D. and Freytag, B.},
         doi = {10.1098/rsta.2011.0269},
        issn = {1364503X},
     journal = {Philosophical Transactions of the Royal Society A: Mathematical, Physical and Engineering Sciences},
    keywords = {Brown dwarfs,CO5BOLD,Opacities,Stars,Very-low-mass stars},
      number = {1968},
       pages = {2765--2777},
       title = {{Models of very-low-mass stars, brown dwarfs and exoplanets}},
      volume = {370},
        year = {2012}
}

@ARTICLE{2022MNRAS.513.2719V,
       author = {{Vines}, Jose I. and {Jenkins}, James S.},
        title = "{ARIADNE: measuring accurate and precise stellar parameters through SED fitting}",
      journal = {\mnras},
     keywords = {methods: data analysis, stars: atmospheres, stars: fundamental parameters; software: data analysis; software: public release, Astrophysics - Solar and Stellar Astrophysics, Astrophysics - Earth and Planetary Astrophysics, Astrophysics - Instrumentation and Methods for Astrophysics},
         year = 2022,
        month = jun,
       volume = {513},
       number = {2},
        pages = {2719-2731},
          doi = {10.1093/mnras/stac956},
archivePrefix = {arXiv},
       eprint = {2204.03769},
 primaryClass = {astro-ph.SR},
       adsurl = {https://ui.adsabs.harvard.edu/abs/2022MNRAS.513.2719V},
      adsnote = {Provided by the SAO/NASA Astrophysics Data System}
}



@ARTICLE{2016A&A...593A..99F,
       author = {{Feiden}, Gregory A.},
        title = "{Magnetic inhibition of convection and the fundamental properties of low-mass stars. III. A consistent 10 Myr age for the Upper Scorpius OB association}",
      journal = {\aap},
     keywords = {binaries: eclipsing, stars: evolution, stars: low-mass, stars: magnetic field, stars: pre-main sequence, open clusters and associations: individual: Upper Scorpius, Astrophysics - Solar and Stellar Astrophysics},
         year = 2016,
        month = sep,
       volume = {593},
          eid = {A99},
        pages = {A99},
          doi = {10.1051/0004-6361/201527613},
archivePrefix = {arXiv},
       eprint = {1604.08036},
 primaryClass = {astro-ph.SR},
       adsurl = {https://ui.adsabs.harvard.edu/abs/2016A&A...593A..99F},
      adsnote = {Provided by the SAO/NASA Astrophysics Data System}
}



@ARTICLE{2015ApJ...807...45D,
       author = {{Dressing}, Courtney D. and {Charbonneau}, David},
        title = "{The Occurrence of Potentially Habitable Planets Orbiting M Dwarfs Estimated from the Full Kepler Dataset and an Empirical Measurement of the Detection Sensitivity}",
      journal = {\apj},
     keywords = {catalogs, methods: data analysis, planetary systems, stars: low-mass, surveys, techniques: photometric, Astrophysics - Earth and Planetary Astrophysics, Astrophysics - Solar and Stellar Astrophysics},
         year = 2015,
        month = jul,
       volume = {807},
       number = {1},
          eid = {45},
        pages = {45},
          doi = {10.1088/0004-637X/807/1/45},
archivePrefix = {arXiv},
       eprint = {1501.01623},
 primaryClass = {astro-ph.EP},
       adsurl = {https://ui.adsabs.harvard.edu/abs/2015ApJ...807...45D},
      adsnote = {Provided by the SAO/NASA Astrophysics Data System}
}



@ARTICLE{2015Natur.526..546V,
       author = {{Vanderburg}, Andrew and {Johnson}, John Asher and {Rappaport}, Saul and {Bieryla}, Allyson and {Irwin}, Jonathan and {Lewis}, John Arban and {Kipping}, David and {Brown}, Warren R. and {Dufour}, Patrick and {Ciardi}, David R. and {Angus}, Ruth and {Schaefer}, Laura and {Latham}, David W. and {Charbonneau}, David and {Beichman}, Charles and {Eastman}, Jason and {McCrady}, Nate and {Wittenmyer}, Robert A. and {Wright}, Jason T.},
        title = "{A disintegrating minor planet transiting a white dwarf}",
      journal = {\nat},
     keywords = {Astrophysics - Earth and Planetary Astrophysics, Astrophysics - Solar and Stellar Astrophysics},
         year = 2015,
        month = oct,
       volume = {526},
       number = {7574},
        pages = {546-549},
          doi = {10.1038/nature15527},
archivePrefix = {arXiv},
       eprint = {1510.06387},
 primaryClass = {astro-ph.EP},
       adsurl = {https://ui.adsabs.harvard.edu/abs/2015Natur.526..546V},
      adsnote = {Provided by the SAO/NASA Astrophysics Data System}
}



@ARTICLE{2012ApJ...752....1R,
       author = {{Rappaport}, S. and {Levine}, A. and {Chiang}, E. and {El Mellah}, I. and {Jenkins}, J. and {Kalomeni}, B. and {Kite}, E.~S. and {Kotson}, M. and {Nelson}, L. and {Rousseau-Nepton}, L. and {Tran}, K.},
        title = "{Possible Disintegrating Short-period Super-Mercury Orbiting KIC 12557548}",
      journal = {\apj},
     keywords = {eclipses, occultations, planetary systems, planets and satellites: general, Astrophysics - Earth and Planetary Astrophysics},
         year = 2012,
        month = jun,
       volume = {752},
       number = {1},
          eid = {1},
        pages = {1},
          doi = {10.1088/0004-637X/752/1/1},
archivePrefix = {arXiv},
       eprint = {1201.2662},
 primaryClass = {astro-ph.EP},
       adsurl = {https://ui.adsabs.harvard.edu/abs/2012ApJ...752....1R},
      adsnote = {Provided by the SAO/NASA Astrophysics Data System}
}



@ARTICLE{2012A&A...545L...5B,
       author = {{Brogi}, M. and {Keller}, C.~U. and {de Juan Ovelar}, M. and {Kenworthy}, M.~A. and {de Kok}, R.~J. and {Min}, M. and {Snellen}, I.~A.~G.},
        title = "{Evidence for the disintegration of KIC 12557548 b}",
      journal = {\aap},
     keywords = {eclipses, occultations, planet-star interactions, planets and satellites: general, Astrophysics - Earth and Planetary Astrophysics},
         year = 2012,
        month = sep,
       volume = {545},
          eid = {L5},
        pages = {L5},
          doi = {10.1051/0004-6361/201219762},
archivePrefix = {arXiv},
       eprint = {1208.2988},
 primaryClass = {astro-ph.EP},
       adsurl = {https://ui.adsabs.harvard.edu/abs/2012A&A...545L...5B},
      adsnote = {Provided by the SAO/NASA Astrophysics Data System}
}

@ARTICLE{2019A&A...625L..13Z,
       author = {{Zieba}, S. and {Zwintz}, K. and {Kenworthy}, M.~A. and {Kennedy}, G.~M.},
        title = "{Transiting exocomets detected in broadband light by TESS in the {\ensuremath{\beta}} Pictoris system}",
      journal = {\aap},
     keywords = {comets: general, planetary systems, stars: individual: {\ensuremath{\beta}} Pictoris, techniques: photometric, circumstellar matter, Astrophysics - Solar and Stellar Astrophysics, Astrophysics - Earth and Planetary Astrophysics},
         year = 2019,
        month = may,
       volume = {625},
          eid = {L13},
        pages = {L13},
          doi = {10.1051/0004-6361/201935552},
archivePrefix = {arXiv},
       eprint = {1903.11071},
 primaryClass = {astro-ph.SR},
       adsurl = {https://ui.adsabs.harvard.edu/abs/2019A&A...625L..13Z},
      adsnote = {Provided by the SAO/NASA Astrophysics Data System}
}



@ARTICLE{2021A&A...645A..84M,
       author = {{Meingast}, Stefan and {Alves}, Jo{\~a}o and {Rottensteiner}, Alena},
        title = "{Extended stellar systems in the solar neighborhood. V. Discovery of coronae of nearby star clusters}",
      journal = {\aap},
     keywords = {stars: kinematics and dynamics, solar neighborhood, open clusters and associations: general, Astrophysics - Astrophysics of Galaxies, Astrophysics - Solar and Stellar Astrophysics},
         year = 2021,
        month = jan,
       volume = {645},
          eid = {A84},
        pages = {A84},
          doi = {10.1051/0004-6361/202038610},
archivePrefix = {arXiv},
       eprint = {2010.06591},
 primaryClass = {astro-ph.GA},
       adsurl = {https://ui.adsabs.harvard.edu/abs/2021A&A...645A..84M},
      adsnote = {Provided by the SAO/NASA Astrophysics Data System}
}



@ARTICLE{2016AJ....152..114R,
       author = {{Rebull}, L.~M. and {Stauffer}, J.~R. and {Bouvier}, J. and {Cody}, A.~M. and {Hillenbrand}, L.~A. and {Soderblom}, D.~R. and {Valenti}, J. and {Barrado}, D. and {Bouy}, H. and {Ciardi}, D. and {Pinsonneault}, M. and {Stassun}, K. and {Micela}, G. and {Aigrain}, S. and {Vrba}, F. and {Somers}, G. and {Gillen}, E. and {Collier Cameron}, A.},
        title = "{Rotation in the Pleiades with K2. II. Multiperiod Stars}",
      journal = {\aj},
     keywords = {galaxies: clusters: individual: Pleiades, stars: rotation, Astrophysics - Solar and Stellar Astrophysics},
         year = 2016,
        month = nov,
       volume = {152},
       number = {5},
          eid = {114},
        pages = {114},
          doi = {10.3847/0004-6256/152/5/114},
archivePrefix = {arXiv},
       eprint = {1606.00055},
 primaryClass = {astro-ph.SR},
       adsurl = {https://ui.adsabs.harvard.edu/abs/2016AJ....152..114R},
      adsnote = {Provided by the SAO/NASA Astrophysics Data System}
}



@ARTICLE{2019ApJ...870...27Z,
       author = {{Zuckerman}, B.},
        title = "{The Nearby, Young, Argus Association: Membership, Age, and Dusty Debris Disks}",
      journal = {\apj},
     keywords = {stars: evolution, Astrophysics - Solar and Stellar Astrophysics},
         year = 2019,
        month = jan,
       volume = {870},
       number = {1},
          eid = {27},
        pages = {27},
          doi = {10.3847/1538-4357/aaee66},
archivePrefix = {arXiv},
       eprint = {1811.01508},
 primaryClass = {astro-ph.SR},
       adsurl = {https://ui.adsabs.harvard.edu/abs/2019ApJ...870...27Z},
      adsnote = {Provided by the SAO/NASA Astrophysics Data System}
}



@ARTICLE{2020A&A...639A..64R,
       author = {{Ratzenb{\"o}ck}, Sebastian and {Meingast}, Stefan and {Alves}, Jo{\~a}o and {M{\"o}ller}, Torsten and {Bomze}, Immanuel},
        title = "{Extended stellar systems in the solar neighborhood. IV. Meingast 1: the most massive stellar stream in the solar neighborhood}",
      journal = {\aap},
     keywords = {methods: statistical, open clusters and associations: individual: Meingast 1, stars: luminosity function, mass function, stars: massive, stars: low-mass, white dwarfs, Astrophysics - Astrophysics of Galaxies, Astrophysics - Solar and Stellar Astrophysics},
         year = 2020,
        month = jul,
       volume = {639},
          eid = {A64},
        pages = {A64},
          doi = {10.1051/0004-6361/202037591},
archivePrefix = {arXiv},
       eprint = {2002.05728},
 primaryClass = {astro-ph.GA},
       adsurl = {https://ui.adsabs.harvard.edu/abs/2020A&A...639A..64R},
      adsnote = {Provided by the SAO/NASA Astrophysics Data System}
}



@ARTICLE{2021ApJ...917...23K,
       author = {{Kerr}, Ronan M.~P. and {Rizzuto}, Aaron C. and {Kraus}, Adam L. and {Offner}, Stella S.~R.},
        title = "{Stars with Photometrically Young Gaia Luminosities Around the Solar System (SPYGLASS). I. Mapping Young Stellar Structures and Their Star Formation Histories}",
      journal = {\apj},
     keywords = {Stellar associations, Stellar ages, Star formation, Young star clusters, Young stellar objects, Pre-main sequence stars, OB associations, 1582, 1581, 1569, 1833, 1834, 1290, 1140, Astrophysics - Astrophysics of Galaxies, Astrophysics - Solar and Stellar Astrophysics},
         year = 2021,
        month = aug,
       volume = {917},
       number = {1},
          eid = {23},
        pages = {23},
          doi = {10.3847/1538-4357/ac0251},
archivePrefix = {arXiv},
       eprint = {2105.09338},
 primaryClass = {astro-ph.GA},
       adsurl = {https://ui.adsabs.harvard.edu/abs/2021ApJ...917...23K},
      adsnote = {Provided by the SAO/NASA Astrophysics Data System}
}



@ARTICLE{2022AJ....163..121B,
       author = {{Bouma}, L.~G. and {Curtis}, J.~L. and {Masuda}, K. and {Hillenbrand}, L.~A. and {Stefansson}, G. and {Isaacson}, H. and {Narita}, N. and {Fukui}, A. and {Ikoma}, M. and {Tamura}, M. and {Kraus}, A.~L. and {Furlan}, E. and {Gnilka}, C.~L. and {Lester}, K.~V. and {Howell}, S.~B.},
        title = "{A 38 Million Year Old Neptune-sized Planet in the Kepler Field}",
      journal = {\aj},
     keywords = {491, 1160, 1581, Astrophysics - Earth and Planetary Astrophysics, Astrophysics - Astrophysics of Galaxies, Astrophysics - Solar and Stellar Astrophysics},
         year = 2022,
        month = mar,
       volume = {163},
       number = {3},
          eid = {121},
        pages = {121},
          doi = {10.3847/1538-3881/ac4966},
archivePrefix = {arXiv},
       eprint = {2112.14776},
 primaryClass = {astro-ph.EP},
       adsurl = {https://ui.adsabs.harvard.edu/abs/2022AJ....163..121B},
      adsnote = {Provided by the SAO/NASA Astrophysics Data System}
}


@ARTICLE{2023AJ....166...14B,
       author = {{Boyle}, Andrew W. and {Bouma}, Luke G.},
        title = "{Stellar Rotation and Structure of the {\ensuremath{\alpha}} Persei Complex: When Does Gyrochronology Start to Work?}",
      journal = {\aj},
     keywords = {Stellar rotation, Stellar ages, Open star clusters, Clustering, 1629, 1581, 1160, 1908, Astrophysics - Solar and Stellar Astrophysics, Astrophysics - Astrophysics of Galaxies},
         year = 2023,
        month = jul,
       volume = {166},
       number = {1},
          eid = {14},
        pages = {14},
          doi = {10.3847/1538-3881/acd3e8},
archivePrefix = {arXiv},
       eprint = {2211.09822},
 primaryClass = {astro-ph.SR},
       adsurl = {https://ui.adsabs.harvard.edu/abs/2023AJ....166...14B},
      adsnote = {Provided by the SAO/NASA Astrophysics Data System}
}



@INPROCEEDINGS{1994SPIE.2198..362V,
       author = {{Vogt}, S.~S. and {Allen}, S.~L. and {Bigelow}, B.~C. and {Bresee}, L. and {Brown}, B. and {Cantrall}, T. and {Conrad}, A. and {Couture}, M. and {Delaney}, C. and {Epps}, H.~W. and {Hilyard}, D. and {Hilyard}, D.~F. and {Horn}, E. and {Jern}, N. and {Kanto}, D. and {Keane}, M.~J. and {Kibrick}, R.~I. and {Lewis}, J.~W. and {Osborne}, J. and {Pardeilhan}, G.~H. and {Pfister}, T. and {Ricketts}, T. and {Robinson}, L.~B. and {Stover}, R.~J. and {Tucker}, D. and {Ward}, J. and {Wei}, M.~Z.},
        title = "{HIRES: the high-resolution echelle spectrometer on the Keck 10-m Telescope}",
     keywords = {ASTEROSEISMOLOGY},
    booktitle = {Instrumentation in Astronomy VIII},
         year = 1994,
       editor = {{Crawford}, David L. and {Craine}, Eric R.},
       series = {Society of Photo-Optical Instrumentation Engineers (SPIE) Conference Series},
       volume = {2198},
        month = jun,
        pages = {362},
          doi = {10.1117/12.176725},
       adsurl = {https://ui.adsabs.harvard.edu/abs/1994SPIE.2198..362V},
      adsnote = {Provided by the SAO/NASA Astrophysics Data System}
}



@ARTICLE{2015JATIS...1a4003R,
       author = {{Ricker}, George R. and {Winn}, Joshua N. and {Vanderspek}, Roland and {Latham}, David W. and {Bakos}, G{\'a}sp{\'a}r {\'A}. and {Bean}, Jacob L. and {Berta-Thompson}, Zachory K. and {Brown}, Timothy M. and {Buchhave}, Lars and {Butler}, Nathaniel R. and {Butler}, R. Paul and {Chaplin}, William J. and {Charbonneau}, David and {Christensen-Dalsgaard}, J{\o}rgen and {Clampin}, Mark and {Deming}, Drake and {Doty}, John and {De Lee}, Nathan and {Dressing}, Courtney and {Dunham}, Edward W. and {Endl}, Michael and {Fressin}, Francois and {Ge}, Jian and {Henning}, Thomas and {Holman}, Matthew J. and {Howard}, Andrew W. and {Ida}, Shigeru and {Jenkins}, Jon M. and {Jernigan}, Garrett and {Johnson}, John Asher and {Kaltenegger}, Lisa and {Kawai}, Nobuyuki and {Kjeldsen}, Hans and {Laughlin}, Gregory and {Levine}, Alan M. and {Lin}, Douglas and {Lissauer}, Jack J. and {MacQueen}, Phillip and {Marcy}, Geoffrey and {McCullough}, Peter R. and {Morton}, Timothy D. and {Narita}, Norio and {Paegert}, Martin and {Palle}, Enric and {Pepe}, Francesco and {Pepper}, Joshua and {Quirrenbach}, Andreas and {Rinehart}, Stephen A. and {Sasselov}, Dimitar and {Sato}, Bun'ei and {Seager}, Sara and {Sozzetti}, Alessandro and {Stassun}, Keivan G. and {Sullivan}, Peter and {Szentgyorgyi}, Andrew and {Torres}, Guillermo and {Udry}, Stephane and {Villasenor}, Joel},
        title = "{Transiting Exoplanet Survey Satellite (TESS)}",
      journal = {Journal of Astronomical Telescopes, Instruments, and Systems},
         year = 2015,
        month = jan,
       volume = {1},
          eid = {014003},
        pages = {014003},
          doi = {10.1117/1.JATIS.1.1.014003},
       adsurl = {https://ui.adsabs.harvard.edu/abs/2015JATIS...1a4003R},
      adsnote = {Provided by the SAO/NASA Astrophysics Data System}
}

@ARTICLE{2022arXiv220800211G,
       author = {{Gaia Collaboration} and {Vallenari}, A. and {Brown}, A.~G.~A. and {Prusti}, T. and {de Bruijne}, J.~H.~J. and {Arenou}, F. and {Babusiaux}, C. and {Biermann}, M. and {Creevey}, O.~L. and {Ducourant}, C. and {Evans}, D.~W. and {Eyer}, L. and {Guerra}, R. and {Hutton}, A. and {Jordi}, C. and {Klioner}, S.~A. and {Lammers}, U.~L. and {Lindegren}, L. and {Luri}, X. and {Mignard}, F. and {Panem}, C. and {Pourbaix}, D. and {Randich}, S. and {Sartoretti}, P. and {Soubiran}, C. and {Tanga}, P. and {Walton}, N.~A. and {Bailer-Jones}, C.~A.~L. and {Bastian}, U. and {Drimmel}, R. and {Jansen}, F. and {Katz}, D. and {Lattanzi}, M.~G. and {van Leeuwen}, F. and {Bakker}, J. and {Cacciari}, C. and {Casta{\~n}eda}, J. and {De Angeli}, F. and {Fabricius}, C. and {Fouesneau}, M. and {Fr{\'e}mat}, Y. and {Galluccio}, L. and {Guerrier}, A. and {Heiter}, U. and {Masana}, E. and {Messineo}, R. and {Mowlavi}, N. and {Nicolas}, C. and {Nienartowicz}, K. and {Pailler}, F. and {Panuzzo}, P. and {Riclet}, F. and {Roux}, W. and {Seabroke}, G.~M. and {Sordo{\o}rcit}, R. and {Th{\'e}venin}, F. and {Gracia-Abril}, G. and {Portell}, J. and {Teyssier}, D. and {Altmann}, M. and {Andrae}, R. and {Audard}, M. and {Bellas-Velidis}, I. and {Benson}, K. and {Berthier}, J. and {Blomme}, R. and {Burgess}, P.~W. and {Busonero}, D. and {Busso}, G. and {C{\'a}novas}, H. and {Carry}, B. and {Cellino}, A. and {Cheek}, N. and {Clementini}, G. and {Damerdji}, Y. and {Davidson}, M. and {de Teodoro}, P. and {Nu{\~n}ez Campos}, M. and {Delchambre}, L. and {Dell'Oro}, A. and {Esquej}, P. and {Fern{\'a}ndez-Hern{\'a}ndez}, J. and {Fraile}, E. and {Garabato}, D. and {Garc{\'\i}a-Lario}, P. and {Gosset}, E. and {Haigron}, R. and {Halbwachs}, J. -L. and {Hambly}, N.~C. and {Harrison}, D.~L. and {Hern{\'a}ndez}, J. and {Hestroffer}, D. and {Hodgkin}, S.~T. and {Holl}, B. and {Jan{\ss}en}, K. and {Jevardat de Fombelle}, G. and {Jordan}, S. and {Krone-Martins}, A. and {Lanzafame}, A.~C. and {L{\"o}ffler}, W. and {Marchal}, O. and {Marrese}, P.~M. and {Moitinho}, A. and {Muinonen}, K. and {Osborne}, P. and {Pancino}, E. and {Pauwels}, T. and {Recio-Blanco}, A. and {Reyl{\'e}}, C. and {Riello}, M. and {Rimoldini}, L. and {Roegiers}, T. and {Rybizki}, J. and {Sarro}, L.~M. and {Siopis}, C. and {Smith}, M. and {Sozzetti}, A. and {Utrilla}, E. and {van Leeuwen}, M. and {Abbas}, U. and {{\'A}brah{\'a}m}, P. and {Abreu Aramburu}, A. and {Aerts}, C. and {Aguado}, J.~J. and {Ajaj}, M. and {Aldea-Montero}, F. and {Altavilla}, G. and {{\'A}lvarez}, M.~A. and {Alves}, J. and {Anders}, F. and {Anderson}, R.~I. and {Anglada Varela}, E. and {Antoja}, T. and {Baines}, D. and {Baker}, S.~G. and {Balaguer-N{\'u}{\~n}ez}, L. and {Balbinot}, E. and {Balog}, Z. and {Barache}, C. and {Barbato}, D. and {Barros}, M. and {Barstow}, M.~A. and {Bartolom{\'e}}, S. and {Bassilana}, J. -L. and {Bauchet}, N. and {Becciani}, U. and {Bellazzini}, M. and {Berihuete}, A. and {Bernet}, M. and {Bertone}, S. and {Bianchi}, L. and {Binnenfeld}, A. and {Blanco-Cuaresma}, S. and {Blazere}, A. and {Boch}, T. and {Bombrun}, A. and {Bossini}, D. and {Bouquillon}, S. and {Bragaglia}, A. and {Bramante}, L. and {Breedt}, E. and {Bressan}, A. and {Brouillet}, N. and {Brugaletta}, E. and {Bucciarelli}, B. and {Burlacu}, A. and {Butkevich}, A.~G. and {Buzzi}, R. and {Caffau}, E. and {Cancelliere}, R. and {Cantat-Gaudin}, T. and {Carballo}, R. and {Carlucci}, T. and {Carnerero}, M.~I. and {Carrasco}, J.~M. and {Casamiquela}, L. and {Castellani}, M. and {Castro-Ginard}, A. and {Chaoul}, L. and {Charlot}, P. and {Chemin}, L. and {Chiaramida}, V. and {Chiavassa}, A. and {Chornay}, N. and {Comoretto}, G. and {Contursi}, G. and {Cooper}, W.~J. and {Cornez}, T. and {Cowell}, S. and {Crifo}, F. and {Cropper}, M. and {Crosta}, M. and {Crowley}, C. and {Dafonte}, C. and {Dapergolas}, A. and {David}, M. and {David}, P. and {de Laverny}, P. and {De Luise}, F. and {De March}, R. and {De Ridder}, J. and {de Souza}, R. and {de Torres}, A. and {del Peloso}, E.~F. and {del Pozo}, E. and {Delbo}, M. and {Delgado}, A. and {Delisle}, J. -B. and {Demouchy}, C. and {Dharmawardena}, T.~E. and {Di Matteo}, P. and {Diakite}, S. and {Diener}, C. and {Distefano}, E. and {Dolding}, C. and {Edvardsson}, B. and {Enke}, H. and {Fabre}, C. and {Fabrizio}, M. and {Faigler}, S. and {Fedorets}, G. and {Fernique}, P. and {Fienga}, A. and {Figueras}, F. and {Fournier}, Y. and {Fouron}, C. and {Fragkoudi}, F. and {Gai}, M. and {Garcia-Gutierrez}, A. and {Garcia-Reinaldos}, M. and {Garc{\'\i}a-Torres}, M. and {Garofalo}, A. and {Gavel}, A. and {Gavras}, P. and {Gerlach}, E. and {Geyer}, R. and {Giacobbe}, P. and {Gilmore}, G. and {Girona}, S. and {Giuffrida}, G. and {Gomel}, R. and {Gomez}, A. and {Gonz{\'a}lez-N{\'u}{\~n}ez}, J. and {Gonz{\'a}lez-Santamar{\'\i}a}, I. and {Gonz{\'a}lez-Vidal}, J.~J. and {Granvik}, M. and {Guillout}, P. and {Guiraud}, J. and {Guti{\'e}rrez-S{\'a}nchez}, R. and {Guy}, L.~P. and {Hatzidimitriou}, D. and {Hauser}, M. and {Haywood}, M. and {Helmer}, A. and {Helmi}, A. and {Sarmiento}, M.~H. and {Hidalgo}, S.~L. and {Hilger}, T. and {H{\l}adczuk}, N. and {Hobbs}, D. and {Holland}, G. and {Huckle}, H.~E. and {Jardine}, K. and {Jasniewicz}, G. and {Jean-Antoine Piccolo}, A. and {Jim{\'e}nez-Arranz}, {\'O}. and {Jorissen}, A. and {Juaristi Campillo}, J. and {Julbe}, F. and {Karbevska}, L. and {Kervella}, P. and {Khanna}, S. and {Kontizas}, M. and {Kordopatis}, G. and {Korn}, A.~J. and {K{\'o}sp{\'a}l}, {\'A} and {Kostrzewa-Rutkowska}, Z. and {Kruszy{\'n}ska}, K. and {Kun}, M. and {Laizeau}, P. and {Lambert}, S. and {Lanza}, A.~F. and {Lasne}, Y. and {Le Campion}, J. -F. and {Lebreton}, Y. and {Lebzelter}, T. and {Leccia}, S. and {Leclerc}, N. and {Lecoeur-Taibi}, I. and {Liao}, S. and {Licata}, E.~L. and {Lindstr{\o}m}, H.~E.~P. and {Lister}, T.~A. and {Livanou}, E. and {Lobel}, A. and {Lorca}, A. and {Loup}, C. and {Madrero Pardo}, P. and {Magdaleno Romeo}, A. and {Managau}, S. and {Mann}, R.~G. and {Manteiga}, M. and {Marchant}, J.~M. and {Marconi}, M. and {Marcos}, J. and {Marcos Santos}, M.~M.~S. and {Mar{\'\i}n Pina}, D. and {Marinoni}, S. and {Marocco}, F. and {Marshall}, D.~J. and {Polo}, L. Martin and {Mart{\'\i}n-Fleitas}, J.~M. and {Marton}, G. and {Mary}, N. and {Masip}, A. and {Massari}, D. and {Mastrobuono-Battisti}, A. and {Mazeh}, T. and {McMillan}, P.~J. and {Messina}, S. and {Michalik}, D. and {Millar}, N.~R. and {Mints}, A. and {Molina}, D. and {Molinaro}, R. and {Moln{\'a}r}, L. and {Monari}, G. and {Mongui{\'o}}, M. and {Montegriffo}, P. and {Montero}, A. and {Mor}, R. and {Mora}, A. and {Morbidelli}, R. and {Morel}, T. and {Morris}, D. and {Muraveva}, T. and {Murphy}, C.~P. and {Musella}, I. and {Nagy}, Z. and {Noval}, L. and {Oca{\~n}a}, F. and {Ogden}, A. and {Ordenovic}, C. and {Osinde}, J.~O. and {Pagani}, C. and {Pagano}, I. and {Palaversa}, L. and {Palicio}, P.~A. and {Pallas-Quintela}, L. and {Panahi}, A. and {Payne-Wardenaar}, S. and {Pe{\~n}alosa Esteller}, X. and {Penttil{\"a}}, A. and {Pichon}, B. and {Piersimoni}, A.~M. and {Pineau}, F. -X. and {Plachy}, E. and {Plum}, G. and {Poggio}, E. and {Pr{\v{s}}a}, A. and {Pulone}, L. and {Racero}, E. and {Ragaini}, S. and {Rainer}, M. and {Raiteri}, C.~M. and {Rambaux}, N. and {Ramos}, P. and {Ramos-Lerate}, M. and {Re Fiorentin}, P. and {Regibo}, S. and {Richards}, P.~J. and {Rios Diaz}, C. and {Ripepi}, V. and {Riva}, A. and {Rix}, H. -W. and {Rixon}, G. and {Robichon}, N. and {Robin}, A.~C. and {Robin}, C. and {Roelens}, M. and {Rogues}, H.~R.~O. and {Rohrbasser}, L. and {Romero-G{\'o}mez}, M. and {Rowell}, N. and {Royer}, F. and {Ruz Mieres}, D. and {Rybicki}, K.~A. and {Sadowski}, G. and {S{\'a}ez N{\'u}{\~n}ez}, A. and {Sagrist{\`a} Sell{\'e}s}, A. and {Sahlmann}, J. and {Salguero}, E. and {Samaras}, N. and {Sanchez Gimenez}, V. and {Sanna}, N. and {Santove{\~n}a}, R. and {Sarasso}, M. and {Schultheis}, M. and {Sciacca}, E. and {Segol}, M. and {Segovia}, J.~C. and {S{\'e}gransan}, D. and {Semeux}, D. and {Shahaf}, S. and {Siddiqui}, H.~I. and {Siebert}, A. and {Siltala}, L. and {Silvelo}, A. and {Slezak}, E. and {Slezak}, I. and {Smart}, R.~L. and {Snaith}, O.~N. and {Solano}, E. and {Solitro}, F. and {Souami}, D. and {Souchay}, J. and {Spagna}, A. and {Spina}, L. and {Spoto}, F. and {Steele}, I.~A. and {Steidelm{\"u}ller}, H. and {Stephenson}, C.~A. and {S{\"u}veges}, M. and {Surdej}, J. and {Szabados}, L. and {Szegedi-Elek}, E. and {Taris}, F. and {Taylo}, M.~B. and {Teixeira}, R. and {Tolomei}, L. and {Tonello}, N. and {Torra}, F. and {Torra}, J. and {Torralba Elipe}, G. and {Trabucchi}, M. and {Tsounis}, A.~T. and {Turon}, C. and {Ulla}, A. and {Unger}, N. and {Vaillant}, M.~V. and {van Dillen}, E. and {van Reeven}, W. and {Vanel}, O. and {Vecchiato}, A. and {Viala}, Y. and {Vicente}, D. and {Voutsinas}, S. and {Weiler}, M. and {Wevers}, T. and {Wyrzykowski}, L. and {Yoldas}, A. and {Yvard}, P. and {Zhao}, H. and {Zorec}, J. and {Zucker}, S. and {Zwitter}, T.},
        title = "{Gaia Data Release 3: Summary of the content and survey properties}",
      journal = {arXiv e-prints},
     keywords = {Astrophysics - Astrophysics of Galaxies},
         year = 2022,
        month = jul,
          eid = {arXiv:2208.00211},
        pages = {arXiv:2208.00211},
          doi = {10.48550/arXiv.2208.00211},
archivePrefix = {arXiv},
       eprint = {2208.00211},
 primaryClass = {astro-ph.GA},
       adsurl = {https://ui.adsabs.harvard.edu/abs/2022arXiv220800211G},
      adsnote = {Provided by the SAO/NASA Astrophysics Data System}
}



@ARTICLE{2020NatMe..17..261V,
       author = {{Virtanen}, Pauli and {Gommers}, Ralf and {Oliphant}, Travis E. and {Haberland}, Matt and {Reddy}, Tyler and {Cournapeau}, David and {Burovski}, Evgeni and {Peterson}, Pearu and {Weckesser}, Warren and {Bright}, Jonathan and {van der Walt}, St{\'e}fan J. and {Brett}, Matthew and {Wilson}, Joshua and {Millman}, K. Jarrod and {Mayorov}, Nikolay and {Nelson}, Andrew R.~J. and {Jones}, Eric and {Kern}, Robert and {Larson}, Eric and {Carey}, C.~J. and {Polat}, {\.I}lhan and {Feng}, Yu and {Moore}, Eric W. and {VanderPlas}, Jake and {Laxalde}, Denis and {Perktold}, Josef and {Cimrman}, Robert and {Henriksen}, Ian and {Quintero}, E.~A. and {Harris}, Charles R. and {Archibald}, Anne M. and {Ribeiro}, Ant{\^o}nio H. and {Pedregosa}, Fabian and {van Mulbregt}, Paul and {SciPy 1. 0 Contributors}},
        title = "{SciPy 1.0: fundamental algorithms for scientific computing in Python}",
      journal = {Nature Methods},
     keywords = {Computer Science - Mathematical Software, Computer Science - Data Structures and Algorithms, Computer Science - Software Engineering, Physics - Computational Physics},
         year = 2020,
        month = feb,
       volume = {17},
        pages = {261-272},
          doi = {10.1038/s41592-019-0686-2},
archivePrefix = {arXiv},
       eprint = {1907.10121},
 primaryClass = {cs.MS},
       adsurl = {https://ui.adsabs.harvard.edu/abs/2020NatMe..17..261V},
      adsnote = {Provided by the SAO/NASA Astrophysics Data System}
}



@MISC{2020ascl.soft03001B,
       author = {{Burke}, Christopher J. and {Levine}, Alan and {Fausnaugh}, Michael and {Vanderspek}, Roland and {Barclay}, Thomas and {Libby-Roberts}, Jessica E. and {Morris}, Brett and {Sipocz}, Brigitta and {Owens}, Martin and {Feinstein}, Adina D. and {Camacho}, Joao},
        title = "{TESS-Point: High precision TESS pointing tool}",
     keywords = {Software, NASA, TESS},
 howpublished = {Astrophysics Source Code Library, record ascl:2003.001},
         year = 2020,
        month = mar,
          eid = {ascl:2003.001},
        pages = {ascl:2003.001},
archivePrefix = {ascl},
       eprint = {2003.001},
       adsurl = {https://ui.adsabs.harvard.edu/abs/2020ascl.soft03001B},
      adsnote = {Provided by the SAO/NASA Astrophysics Data System}
}



@ARTICLE{2022ApJ...925...75P,
       author = {{Palumbo}, Elsa K. and {Montet}, Benjamin T. and {Feinstein}, Adina D. and {Bouma}, Luke G. and {Hartman}, Joel D. and {Hillenbrand}, Lynne A. and {Gully-Santiago}, Michael A. and {Banks}, Kirsten A.},
        title = "{Evidence for Centrifugal Breakout around the Young M Dwarf TIC 234284556}",
      journal = {\apj},
     keywords = {982, 1881, 1610, 1603, 1636, Astrophysics - Solar and Stellar Astrophysics},
         year = 2022,
        month = jan,
       volume = {925},
       number = {1},
          eid = {75},
        pages = {75},
          doi = {10.3847/1538-4357/ac38a5},
archivePrefix = {arXiv},
       eprint = {2107.05649},
 primaryClass = {astro-ph.SR},
       adsurl = {https://ui.adsabs.harvard.edu/abs/2022ApJ...925...75P},
      adsnote = {Provided by the SAO/NASA Astrophysics Data System}
}



@ARTICLE{2021ApJ...908...16R,
       author = {{Robinson}, Connor E. and {Espaillat}, Catherine C. and {Owen}, James E.},
        title = "{Synthetic Light Curves of Accretion Variability in T Tauri Stars}",
      journal = {\apj},
     keywords = {Classical T Tauri stars, Stellar accretion, Hydrodynamical simulations, Light curve classification, 252, 1578, 767, 1954, Astrophysics - Solar and Stellar Astrophysics},
         year = 2021,
        month = feb,
       volume = {908},
       number = {1},
          eid = {16},
        pages = {16},
          doi = {10.3847/1538-4357/abd410},
archivePrefix = {arXiv},
       eprint = {2101.04778},
 primaryClass = {astro-ph.SR},
       adsurl = {https://ui.adsabs.harvard.edu/abs/2021ApJ...908...16R},
      adsnote = {Provided by the SAO/NASA Astrophysics Data System}
}



@ARTICLE{2014AJ....147...82C,
       author = {{Cody}, Ann Marie and {Stauffer}, John and {Baglin}, Annie and {Micela}, Giuseppina and {Rebull}, Luisa M. and {Flaccomio}, Ettore and {Morales-Calder{\'o}n}, Mar{\'\i}a and {Aigrain}, Suzanne and {Bouvier}, J{\`e}r{\^o}me and {Hillenbrand}, Lynne A. and {Gutermuth}, Robert and {Song}, Inseok and {Turner}, Neal and {Alencar}, Silvia H.~P. and {Zwintz}, Konstanze and {Plavchan}, Peter and {Carpenter}, John and {Findeisen}, Krzysztof and {Carey}, Sean and {Terebey}, Susan and {Hartmann}, Lee and {Calvet}, Nuria and {Teixeira}, Paula and {Vrba}, Frederick J. and {Wolk}, Scott and {Covey}, Kevin and {Poppenhaeger}, Katja and {G{\"u}nther}, Hans Moritz and {Forbrich}, Jan and {Whitney}, Barbara and {Affer}, Laura and {Herbst}, William and {Hora}, Joseph and {Barrado}, David and {Holtzman}, Jon and {Marchis}, Franck and {Wood}, Kenneth and {Medeiros Guimar{\~a}es}, Marcelo and {Lillo Box}, Jorge and {Gillen}, Ed and {McQuillan}, Amy and {Espaillat}, Catherine and {Allen}, Lori and {D'Alessio}, Paola and {Favata}, Fabio},
        title = "{CSI 2264: Simultaneous Optical and Infrared Light Curves of Young Disk-bearing Stars in NGC 2264 with CoRoT and Spitzer{\textemdash}Evidence for Multiple Origins of Variability}",
      journal = {\aj},
     keywords = {accretion, accretion disks, circumstellar matter, protoplanetary disks, stars: pre-main sequence, stars: variables: T Tauri, Herbig Ae/Be, techniques: photometric, Astrophysics - Solar and Stellar Astrophysics},
         year = 2014,
        month = apr,
       volume = {147},
       number = {4},
          eid = {82},
        pages = {82},
          doi = {10.1088/0004-6256/147/4/82},
archivePrefix = {arXiv},
       eprint = {1401.6582},
 primaryClass = {astro-ph.SR},
       adsurl = {https://ui.adsabs.harvard.edu/abs/2014AJ....147...82C},
      adsnote = {Provided by the SAO/NASA Astrophysics Data System}
}



@MISC{2021zndo...1011188B,
       author = {{Bhatti}, Waqas and {Bouma}, Luke and {Joshua} and {Mchris42} and {Price-Whelan}, Adrian and {John}},
        title = "{waqasbhatti/astrobase: astrobase v0.5.3}",
 howpublished = {Zenodo},
         year = 2021,
        month = jan,
          eid = {10.5281/zenodo.1011188},
          doi = {10.5281/zenodo.1011188},
      version = {v0.5.3},
    publisher = {Zenodo},
       adsurl = {https://ui.adsabs.harvard.edu/abs/2021zndo...1011188B},
      adsnote = {Provided by the SAO/NASA Astrophysics Data System}
}



@ARTICLE{2019AJ....158..143H,
       author = {{Hippke}, Michael and {David}, Trevor J. and {Mulders}, Gijs D. and {Heller}, Ren{\'e}},
        title = "{W{\={o}}tan: Comprehensive Time-series Detrending in Python}",
      journal = {\aj},
     keywords = {eclipses, methods: data analysis, methods: statistical, planetary systems, planets and satellites: detection, Astrophysics - Earth and Planetary Astrophysics, Astrophysics - Instrumentation and Methods for Astrophysics},
         year = 2019,
        month = oct,
       volume = {158},
       number = {4},
          eid = {143},
        pages = {143},
          doi = {10.3847/1538-3881/ab3984},
archivePrefix = {arXiv},
       eprint = {1906.00966},
 primaryClass = {astro-ph.EP},
       adsurl = {https://ui.adsabs.harvard.edu/abs/2019AJ....158..143H},
      adsnote = {Provided by the SAO/NASA Astrophysics Data System}
}



@ARTICLE{1967SoPh....2...39K,
       author = {{Kuperus}, Max and {Tandberg-Hanssen}, Einar},
        title = "{The Nature of Quiescent Solar Prominences}",
      journal = {\solphys},
     keywords = {Electrical Resistivity, Filamentary Structure, Lower Corona, Neutral Sheet, Resistive Plasma},
         year = 1967,
        month = jul,
       volume = {2},
       number = {1},
        pages = {39-48},
          doi = {10.1007/BF00155891},
       adsurl = {https://ui.adsabs.harvard.edu/abs/1967SoPh....2...39K},
      adsnote = {Provided by the SAO/NASA Astrophysics Data System}
}



@ARTICLE{2018A&A...616A...1G,
       author = {{Gaia Collaboration} and {Brown}, A.~G.~A. and {Vallenari}, A. and {Prusti}, T. and {de Bruijne}, J.~H.~J. and {Babusiaux}, C. and {Bailer-Jones}, C.~A.~L. and {Biermann}, M. and {Evans}, D.~W. and {Eyer}, L. and {Jansen}, F. and {Jordi}, C. and {Klioner}, S.~A. and {Lammers}, U. and {Lindegren}, L. and {Luri}, X. and {Mignard}, F. and {Panem}, C. and {Pourbaix}, D. and {Randich}, S. and {Sartoretti}, P. and {Siddiqui}, H.~I. and {Soubiran}, C. and {van Leeuwen}, F. and {Walton}, N.~A. and {Arenou}, F. and {Bastian}, U. and {Cropper}, M. and {Drimmel}, R. and {Katz}, D. and {Lattanzi}, M.~G. and {Bakker}, J. and {Cacciari}, C. and {Casta{\~n}eda}, J. and {Chaoul}, L. and {Cheek}, N. and {De Angeli}, F. and {Fabricius}, C. and {Guerra}, R. and {Holl}, B. and {Masana}, E. and {Messineo}, R. and {Mowlavi}, N. and {Nienartowicz}, K. and {Panuzzo}, P. and {Portell}, J. and {Riello}, M. and {Seabroke}, G.~M. and {Tanga}, P. and {Th{\'e}venin}, F. and {Gracia-Abril}, G. and {Comoretto}, G. and {Garcia-Reinaldos}, M. and {Teyssier}, D. and {Altmann}, M. and {Andrae}, R. and {Audard}, M. and {Bellas-Velidis}, I. and {Benson}, K. and {Berthier}, J. and {Blomme}, R. and {Burgess}, P. and {Busso}, G. and {Carry}, B. and {Cellino}, A. and {Clementini}, G. and {Clotet}, M. and {Creevey}, O. and {Davidson}, M. and {De Ridder}, J. and {Delchambre}, L. and {Dell'Oro}, A. and {Ducourant}, C. and {Fern{\'a}ndez-Hern{\'a}ndez}, J. and {Fouesneau}, M. and {Fr{\'e}mat}, Y. and {Galluccio}, L. and {Garc{\'\i}a-Torres}, M. and {Gonz{\'a}lez-N{\'u}{\~n}ez}, J. and {Gonz{\'a}lez-Vidal}, J.~J. and {Gosset}, E. and {Guy}, L.~P. and {Halbwachs}, J. -L. and {Hambly}, N.~C. and {Harrison}, D.~L. and {Hern{\'a}ndez}, J. and {Hestroffer}, D. and {Hodgkin}, S.~T. and {Hutton}, A. and {Jasniewicz}, G. and {Jean-Antoine-Piccolo}, A. and {Jordan}, S. and {Korn}, A.~J. and {Krone-Martins}, A. and {Lanzafame}, A.~C. and {Lebzelter}, T. and {L{\"o}ffler}, W. and {Manteiga}, M. and {Marrese}, P.~M. and {Mart{\'\i}n-Fleitas}, J.~M. and {Moitinho}, A. and {Mora}, A. and {Muinonen}, K. and {Osinde}, J. and {Pancino}, E. and {Pauwels}, T. and {Petit}, J. -M. and {Recio-Blanco}, A. and {Richards}, P.~J. and {Rimoldini}, L. and {Robin}, A.~C. and {Sarro}, L.~M. and {Siopis}, C. and {Smith}, M. and {Sozzetti}, A. and {S{\"u}veges}, M. and {Torra}, J. and {van Reeven}, W. and {Abbas}, U. and {Abreu Aramburu}, A. and {Accart}, S. and {Aerts}, C. and {Altavilla}, G. and {{\'A}lvarez}, M.~A. and {Alvarez}, R. and {Alves}, J. and {Anderson}, R.~I. and {Andrei}, A.~H. and {Anglada Varela}, E. and {Antiche}, E. and {Antoja}, T. and {Arcay}, B. and {Astraatmadja}, T.~L. and {Bach}, N. and {Baker}, S.~G. and {Balaguer-N{\'u}{\~n}ez}, L. and {Balm}, P. and {Barache}, C. and {Barata}, C. and {Barbato}, D. and {Barblan}, F. and {Barklem}, P.~S. and {Barrado}, D. and {Barros}, M. and {Barstow}, M.~A. and {Bartholom{\'e} Mu{\~n}oz}, S. and {Bassilana}, J. -L. and {Becciani}, U. and {Bellazzini}, M. and {Berihuete}, A. and {Bertone}, S. and {Bianchi}, L. and {Bienaym{\'e}}, O. and {Blanco-Cuaresma}, S. and {Boch}, T. and {Boeche}, C. and {Bombrun}, A. and {Borrachero}, R. and {Bossini}, D. and {Bouquillon}, S. and {Bourda}, G. and {Bragaglia}, A. and {Bramante}, L. and {Breddels}, M.~A. and {Bressan}, A. and {Brouillet}, N. and {Br{\"u}semeister}, T. and {Brugaletta}, E. and {Bucciarelli}, B. and {Burlacu}, A. and {Busonero}, D. and {Butkevich}, A.~G. and {Buzzi}, R. and {Caffau}, E. and {Cancelliere}, R. and {Cannizzaro}, G. and {Cantat-Gaudin}, T. and {Carballo}, R. and {Carlucci}, T. and {Carrasco}, J.~M. and {Casamiquela}, L. and {Castellani}, M. and {Castro-Ginard}, A. and {Charlot}, P. and {Chemin}, L. and {Chiavassa}, A. and {Cocozza}, G. and {Costigan}, G. and {Cowell}, S. and {Crifo}, F. and {Crosta}, M. and {Crowley}, C. and {Cuypers}, J. and {Dafonte}, C. and {Damerdji}, Y. and {Dapergolas}, A. and {David}, P. and {David}, M. and {de Laverny}, P. and {De Luise}, F. and {De March}, R. and {de Martino}, D. and {de Souza}, R. and {de Torres}, A. and {Debosscher}, J. and {del Pozo}, E. and {Delbo}, M. and {Delgado}, A. and {Delgado}, H.~E. and {Di Matteo}, P. and {Diakite}, S. and {Diener}, C. and {Distefano}, E. and {Dolding}, C. and {Drazinos}, P. and {Dur{\'a}n}, J. and {Edvardsson}, B. and {Enke}, H. and {Eriksson}, K. and {Esquej}, P. and {Eynard Bontemps}, G. and {Fabre}, C. and {Fabrizio}, M. and {Faigler}, S. and {Falc{\~a}o}, A.~J. and {Farr{\`a}s Casas}, M. and {Federici}, L. and {Fedorets}, G. and {Fernique}, P. and {Figueras}, F. and {Filippi}, F. and {Findeisen}, K. and {Fonti}, A. and {Fraile}, E. and {Fraser}, M. and {Fr{\'e}zouls}, B. and {Gai}, M. and {Galleti}, S. and {Garabato}, D. and {Garc{\'\i}a-Sedano}, F. and {Garofalo}, A. and {Garralda}, N. and {Gavel}, A. and {Gavras}, P. and {Gerssen}, J. and {Geyer}, R. and {Giacobbe}, P. and {Gilmore}, G. and {Girona}, S. and {Giuffrida}, G. and {Glass}, F. and {Gomes}, M. and {Granvik}, M. and {Gueguen}, A. and {Guerrier}, A. and {Guiraud}, J. and {Guti{\'e}rrez-S{\'a}nchez}, R. and {Haigron}, R. and {Hatzidimitriou}, D. and {Hauser}, M. and {Haywood}, M. and {Heiter}, U. and {Helmi}, A. and {Heu}, J. and {Hilger}, T. and {Hobbs}, D. and {Hofmann}, W. and {Holland}, G. and {Huckle}, H.~E. and {Hypki}, A. and {Icardi}, V. and {Jan{\ss}en}, K. and {Jevardat de Fombelle}, G. and {Jonker}, P.~G. and {Juh{\'a}sz}, {\'A}. L. and {Julbe}, F. and {Karampelas}, A. and {Kewley}, A. and {Klar}, J. and {Kochoska}, A. and {Kohley}, R. and {Kolenberg}, K. and {Kontizas}, M. and {Kontizas}, E. and {Koposov}, S.~E. and {Kordopatis}, G. and {Kostrzewa-Rutkowska}, Z. and {Koubsky}, P. and {Lambert}, S. and {Lanza}, A.~F. and {Lasne}, Y. and {Lavigne}, J. -B. and {Le Fustec}, Y. and {Le Poncin-Lafitte}, C. and {Lebreton}, Y. and {Leccia}, S. and {Leclerc}, N. and {Lecoeur-Taibi}, I. and {Lenhardt}, H. and {Leroux}, F. and {Liao}, S. and {Licata}, E. and {Lindstr{\o}m}, H.~E.~P. and {Lister}, T.~A. and {Livanou}, E. and {Lobel}, A. and {L{\'o}pez}, M. and {Managau}, S. and {Mann}, R.~G. and {Mantelet}, G. and {Marchal}, O. and {Marchant}, J.~M. and {Marconi}, M. and {Marinoni}, S. and {Marschalk{\'o}}, G. and {Marshall}, D.~J. and {Martino}, M. and {Marton}, G. and {Mary}, N. and {Massari}, D. and {Matijevi{\v{c}}}, G. and {Mazeh}, T. and {McMillan}, P.~J. and {Messina}, S. and {Michalik}, D. and {Millar}, N.~R. and {Molina}, D. and {Molinaro}, R. and {Moln{\'a}r}, L. and {Montegriffo}, P. and {Mor}, R. and {Morbidelli}, R. and {Morel}, T. and {Morris}, D. and {Mulone}, A.~F. and {Muraveva}, T. and {Musella}, I. and {Nelemans}, G. and {Nicastro}, L. and {Noval}, L. and {O'Mullane}, W. and {Ord{\'e}novic}, C. and {Ord{\'o}{\~n}ez-Blanco}, D. and {Osborne}, P. and {Pagani}, C. and {Pagano}, I. and {Pailler}, F. and {Palacin}, H. and {Palaversa}, L. and {Panahi}, A. and {Pawlak}, M. and {Piersimoni}, A.~M. and {Pineau}, F. -X. and {Plachy}, E. and {Plum}, G. and {Poggio}, E. and {Poujoulet}, E. and {Pr{\v{s}}a}, A. and {Pulone}, L. and {Racero}, E. and {Ragaini}, S. and {Rambaux}, N. and {Ramos-Lerate}, M. and {Regibo}, S. and {Reyl{\'e}}, C. and {Riclet}, F. and {Ripepi}, V. and {Riva}, A. and {Rivard}, A. and {Rixon}, G. and {Roegiers}, T. and {Roelens}, M. and {Romero-G{\'o}mez}, M. and {Rowell}, N. and {Royer}, F. and {Ruiz-Dern}, L. and {Sadowski}, G. and {Sagrist{\`a} Sell{\'e}s}, T. and {Sahlmann}, J. and {Salgado}, J. and {Salguero}, E. and {Sanna}, N. and {Santana-Ros}, T. and {Sarasso}, M. and {Savietto}, H. and {Schultheis}, M. and {Sciacca}, E. and {Segol}, M. and {Segovia}, J.~C. and {S{\'e}gransan}, D. and {Shih}, I. -C. and {Siltala}, L. and {Silva}, A.~F. and {Smart}, R.~L. and {Smith}, K.~W. and {Solano}, E. and {Solitro}, F. and {Sordo}, R. and {Soria Nieto}, S. and {Souchay}, J. and {Spagna}, A. and {Spoto}, F. and {Stampa}, U. and {Steele}, I.~A. and {Steidelm{\"u}ller}, H. and {Stephenson}, C.~A. and {Stoev}, H. and {Suess}, F.~F. and {Surdej}, J. and {Szabados}, L. and {Szegedi-Elek}, E. and {Tapiador}, D. and {Taris}, F. and {Tauran}, G. and {Taylor}, M.~B. and {Teixeira}, R. and {Terrett}, D. and {Teyssandier}, P. and {Thuillot}, W. and {Titarenko}, A. and {Torra Clotet}, F. and {Turon}, C. and {Ulla}, A. and {Utrilla}, E. and {Uzzi}, S. and {Vaillant}, M. and {Valentini}, G. and {Valette}, V. and {van Elteren}, A. and {Van Hemelryck}, E. and {van Leeuwen}, M. and {Vaschetto}, M. and {Vecchiato}, A. and {Veljanoski}, J. and {Viala}, Y. and {Vicente}, D. and {Vogt}, S. and {von Essen}, C. and {Voss}, H. and {Votruba}, V. and {Voutsinas}, S. and {Walmsley}, G. and {Weiler}, M. and {Wertz}, O. and {Wevers}, T. and {Wyrzykowski}, {\L}. and {Yoldas}, A. and {{\v{Z}}erjal}, M. and {Ziaeepour}, H. and {Zorec}, J. and {Zschocke}, S. and {Zucker}, S. and {Zurbach}, C. and {Zwitter}, T.},
        title = "{Gaia Data Release 2. Summary of the contents and survey properties}",
      journal = {\aap},
     keywords = {catalogs, astrometry, techniques: radial velocities, stars: fundamental parameters, stars: variables: general, minor planets, asteroids: general, Astrophysics - Astrophysics of Galaxies, Astrophysics - Instrumentation and Methods for Astrophysics},
         year = 2018,
        month = aug,
       volume = {616},
          eid = {A1},
        pages = {A1},
          doi = {10.1051/0004-6361/201833051},
archivePrefix = {arXiv},
       eprint = {1804.09365},
 primaryClass = {astro-ph.GA},
       adsurl = {https://ui.adsabs.harvard.edu/abs/2018A&A...616A...1G},
      adsnote = {Provided by the SAO/NASA Astrophysics Data System}
}



@ARTICLE{2018AJ....156..102S,
       author = {{Stassun}, Keivan G. and {Oelkers}, Ryan J. and {Pepper}, Joshua and {Paegert}, Martin and {De Lee}, Nathan and {Torres}, Guillermo and {Latham}, David W. and {Charpinet}, St{\'e}phane and {Dressing}, Courtney D. and {Huber}, Daniel and {Kane}, Stephen R. and {L{\'e}pine}, S{\'e}bastien and {Mann}, Andrew and {Muirhead}, Philip S. and {Rojas-Ayala}, B{\'a}rbara and {Silvotti}, Roberto and {Fleming}, Scott W. and {Levine}, Al and {Plavchan}, Peter},
        title = "{The TESS Input Catalog and Candidate Target List}",
      journal = {\aj},
     keywords = {stars: fundamental parameters, Astrophysics - Earth and Planetary Astrophysics, Astrophysics - Solar and Stellar Astrophysics},
         year = 2018,
        month = sep,
       volume = {156},
       number = {3},
          eid = {102},
        pages = {102},
          doi = {10.3847/1538-3881/aad050},
archivePrefix = {arXiv},
       eprint = {1706.00495},
 primaryClass = {astro-ph.EP},
       adsurl = {https://ui.adsabs.harvard.edu/abs/2018AJ....156..102S},
      adsnote = {Provided by the SAO/NASA Astrophysics Data System}
}



@INPROCEEDINGS{2016SPIE.9913E..3EJ,
       author = {{Jenkins}, Jon M. and {Twicken}, Joseph D. and {McCauliff}, Sean and {Campbell}, Jennifer and {Sanderfer}, Dwight and {Lung}, David and {Mansouri-Samani}, Masoud and {Girouard}, Forrest and {Tenenbaum}, Peter and {Klaus}, Todd and {Smith}, Jeffrey C. and {Caldwell}, Douglas A. and {Chacon}, A.~D. and {Henze}, Christopher and {Heiges}, Cory and {Latham}, David W. and {Morgan}, Edward and {Swade}, Daryl and {Rinehart}, Stephen and {Vanderspek}, Roland},
        title = "{The TESS science processing operations center}",
    booktitle = {Software and Cyberinfrastructure for Astronomy IV},
         year = 2016,
       editor = {{Chiozzi}, Gianluca and {Guzman}, Juan C.},
       series = {Society of Photo-Optical Instrumentation Engineers (SPIE) Conference Series},
       volume = {9913},
        month = aug,
          eid = {99133E},
        pages = {99133E},
          doi = {10.1117/12.2233418},
       adsurl = {https://ui.adsabs.harvard.edu/abs/2016SPIE.9913E..3EJ},
      adsnote = {Provided by the SAO/NASA Astrophysics Data System}
}



@ARTICLE{2018AJ....156...71C,
       author = {{Cody}, Ann Marie and {Hillenbrand}, Lynne A.},
        title = "{The Many-faceted Light Curves of Young Disk-bearing Stars in Upper Sco -- Oph Observed by K2 Campaign 2}",
      journal = {\aj},
     keywords = {accretion, accretion disks, circumstellar matter, protoplanetary disks, stars: pre-main sequence, stars: variables: T Tauri, Herbig Ae/Be, starspots, Astrophysics - Solar and Stellar Astrophysics},
         year = 2018,
        month = aug,
       volume = {156},
       number = {2},
          eid = {71},
        pages = {71},
          doi = {10.3847/1538-3881/aacead},
archivePrefix = {arXiv},
       eprint = {1802.06409},
 primaryClass = {astro-ph.SR},
       adsurl = {https://ui.adsabs.harvard.edu/abs/2018AJ....156...71C},
      adsnote = {Provided by the SAO/NASA Astrophysics Data System}
}



@BOOK{2021isma.book.....B,
       author = {{Basri}, Gibor},
        title = "{An Introduction to Stellar Magnetic Activity}",
         year = 2021,
          doi = {10.1088/2514-3433/ac2956},
       adsurl = {https://ui.adsabs.harvard.edu/abs/2021isma.book.....B},
      adsnote = {Provided by the SAO/NASA Astrophysics Data System}
}



@ARTICLE{2021PASP..133i5002F,
       author = {{Fausnaugh}, Michael and {Morgan}, Ed and {Vanderspek}, Roland and {Pepper}, Joshua and {Burke}, Christopher J. and {Levine}, Alan M. and {Rudat}, Alexander and {Villase{\~n}or}, Jesus Noel S. and {Vezie}, Michael and {Goeke}, Robert F. and {Ricker}, George R. and {Latham}, David W. and {Seager}, S. and {Winn}, Joshua N. and {Jenkins}, Jon M. and {Bakos}, G. {\'A}. and {Barclay}, Thomas and {Berta-Thompson}, Zachory K. and {Bouma}, Luke G. and {Boyd}, Patricia T. and {Brasseur}, C.~E. and {Burt}, Jennifer and {Caldwell}, Douglas A. and {Charbonneau}, David and {Christensen-Dalsgaard}, J. and {Clampin}, Mark and {Collins}, Karen A. and {Col{\'o}n}, Knicole D. and {De Lee}, Nathan and {Dunham}, Edward and {Fleming}, Scott W. and {Fong}, William and {Garcia Soto}, Aylin and {Scott Gaudi}, B. and {Guerrero}, Natalia M. and {Hesse}, Katharine and {Holman}, Matthew J. and {Huang}, Chelsea X. and {Kaltenegger}, Lisa and {Lissauer}, Jack J. and {McDermott}, Scott and {McLean}, Brian and {Mireles}, Ismael and {Mullally}, Susan E. and {Oelkers}, Ryan J. and {Paegert}, Martin and {P{\'a}l}, Andr{\'a}s and {Quintana}, Elisa V. and {Rinehart}, S.~A. and {Rodriguez}, David R. and {Rose}, Mark and {Sasselov}, Dimitar D. and {Schlieder}, Joshua E. and {Sha}, Lizhou and {Shporer}, Avi and {Smith}, Jeffrey C. and {Stassun}, Keivan G. and {Tenenbaum}, Peter and {Ting}, Eric B. and {Torres}, Guillermo and {Twicken}, Joseph D. and {Vanderburg}, Andrew and {Wohler}, Bill and {Yu}, Liang},
        title = "{The TESS Mission Target Selection Procedure}",
      journal = {\pasp},
     keywords = {1708, 498, Astrophysics - Instrumentation and Methods for Astrophysics},
         year = 2021,
        month = sep,
       volume = {133},
       number = {1027},
          eid = {095002},
        pages = {095002},
          doi = {10.1088/1538-3873/ac1d3f},
archivePrefix = {arXiv},
       eprint = {2109.02665},
 primaryClass = {astro-ph.IM},
       adsurl = {https://ui.adsabs.harvard.edu/abs/2021PASP..133i5002F},
      adsnote = {Provided by the SAO/NASA Astrophysics Data System}
}



@ARTICLE{2012RSPTA.370.2765A,
       author = {{Allard}, F. and {Homeier}, D. and {Freytag}, B.},
        title = "{Models of very-low-mass stars, brown dwarfs and exoplanets}",
      journal = {Philosophical Transactions of the Royal Society of London Series A},
     keywords = {Astrophysics - Solar and Stellar Astrophysics},
         year = 2012,
        month = jun,
       volume = {370},
       number = {1968},
        pages = {2765-2777},
          doi = {10.1098/rsta.2011.0269},
archivePrefix = {arXiv},
       eprint = {1112.3591},
 primaryClass = {astro-ph.SR},
       adsurl = {https://ui.adsabs.harvard.edu/abs/2012RSPTA.370.2765A},
      adsnote = {Provided by the SAO/NASA Astrophysics Data System}
}



@ARTICLE{2013A&A...553A...6H,
       author = {{Husser}, T. -O. and {Wende-von Berg}, S. and {Dreizler}, S. and {Homeier}, D. and {Reiners}, A. and {Barman}, T. and {Hauschildt}, P.~H.},
        title = "{A new extensive library of PHOENIX stellar atmospheres and synthetic spectra}",
      journal = {\aap},
     keywords = {stars: atmospheres, convection, stars: late-type, Astrophysics - Solar and Stellar Astrophysics},
         year = 2013,
        month = may,
       volume = {553},
          eid = {A6},
        pages = {A6},
          doi = {10.1051/0004-6361/201219058},
archivePrefix = {arXiv},
       eprint = {1303.5632},
 primaryClass = {astro-ph.SR},
       adsurl = {https://ui.adsabs.harvard.edu/abs/2013A&A...553A...6H},
      adsnote = {Provided by the SAO/NASA Astrophysics Data System}
}



@ARTICLE{2020AJ....160..237F,
       author = {{France}, Kevin and {Duvvuri}, Girish and {Egan}, Hilary and {Koskinen}, Tommi and {Wilson}, David J. and {Youngblood}, Allison and {Froning}, Cynthia S. and {Brown}, Alexander and {Alvarado-G{\'o}mez}, Juli{\'a}n D. and {Berta-Thompson}, Zachory K. and {Drake}, Jeremy J. and {Garraffo}, Cecilia and {Kaltenegger}, Lisa and {Kowalski}, Adam F. and {Linsky}, Jeffrey L. and {Loyd}, R.~O. Parke and {Mauas}, Pablo J.~D. and {Miguel}, Yamila and {Pineda}, J. Sebastian and {Rugheimer}, Sarah and {Schneider}, P. Christian and {Tian}, Feng and {Vieytes}, Mariela},
        title = "{The High-energy Radiation Environment around a 10 Gyr M Dwarf: Habitable at Last?}",
      journal = {\aj},
     keywords = {Solar extreme ultraviolet emission, Exoplanet atmospheres, Stellar activity, Stellar flares, Habitable zone, Hubble Space Telescope, 1493, 487, 1580, 1603, 696, 761, Astrophysics - Earth and Planetary Astrophysics, Astrophysics - Solar and Stellar Astrophysics},
         year = 2020,
        month = nov,
       volume = {160},
       number = {5},
          eid = {237},
        pages = {237},
          doi = {10.3847/1538-3881/abb465},
archivePrefix = {arXiv},
       eprint = {2009.01259},
 primaryClass = {astro-ph.EP},
       adsurl = {https://ui.adsabs.harvard.edu/abs/2020AJ....160..237F},
      adsnote = {Provided by the SAO/NASA Astrophysics Data System}
}


@ARTICLE{2015AsBio..15..119L,
       author = {{Luger}, R. and {Barnes}, R.},
        title = "{Extreme Water Loss and Abiotic O2Buildup on Planets Throughout the Habitable Zones of M Dwarfs}",
      journal = {Astrobiology},
     keywords = {Earth Science, Astrophysics - Earth and Planetary Astrophysics},
         year = 2015,
        month = feb,
       volume = {15},
       number = {2},
        pages = {119-143},
          doi = {10.1089/ast.2014.1231},
archivePrefix = {arXiv},
       eprint = {1411.7412},
 primaryClass = {astro-ph.EP},
       adsurl = {https://ui.adsabs.harvard.edu/abs/2015AsBio..15..119L},
      adsnote = {Provided by the SAO/NASA Astrophysics Data System}
}


@ARTICLE{2014AJ....148...64S,
       author = {{Shkolnik}, Evgenya L. and {Barman}, Travis S.},
        title = "{HAZMAT. I. The Evolution of Far-UV and Near-UV Emission from Early M Stars}",
      journal = {\aj},
     keywords = {astrobiology, planetary systems, stars: activity, stars: late-type, surveys, techniques: photometric, Astrophysics - Solar and Stellar Astrophysics},
         year = 2014,
        month = oct,
       volume = {148},
       number = {4},
          eid = {64},
        pages = {64},
          doi = {10.1088/0004-6256/148/4/64},
archivePrefix = {arXiv},
       eprint = {1407.1344},
 primaryClass = {astro-ph.SR},
       adsurl = {https://ui.adsabs.harvard.edu/abs/2014AJ....148...64S},
      adsnote = {Provided by the SAO/NASA Astrophysics Data System}
}


@ARTICLE{2017ApJ...850..121M,
       author = {{Morley}, Caroline V. and {Kreidberg}, Laura and {Rustamkulov}, Zafar and {Robinson}, Tyler and {Fortney}, Jonathan J.},
        title = "{Observing the Atmospheres of Known Temperate Earth-sized Planets with JWST}",
      journal = {\apj},
     keywords = {planets and satellites: atmospheres, planets and satellites: individual: GJ 1132b, LHS 1140b, TRAPPIST-1b, TRAPPIST-1d, planets and satellites: terrestrial planets, Astrophysics - Earth and Planetary Astrophysics},
         year = 2017,
        month = dec,
       volume = {850},
       number = {2},
          eid = {121},
        pages = {121},
          doi = {10.3847/1538-4357/aa927b},
archivePrefix = {arXiv},
       eprint = {1708.04239},
 primaryClass = {astro-ph.EP},
       adsurl = {https://ui.adsabs.harvard.edu/abs/2017ApJ...850..121M},
      adsnote = {Provided by the SAO/NASA Astrophysics Data System}
}



@ARTICLE{2015A&A...576A..59S,
       author = {{Snellen}, I. and {de Kok}, R. and {Birkby}, J.~L. and {Brandl}, B. and {Brogi}, M. and {Keller}, C. and {Kenworthy}, M. and {Schwarz}, H. and {Stuik}, R.},
        title = "{Combining high-dispersion spectroscopy with high contrast imaging: Probing rocky planets around our nearest neighbors}",
      journal = {\aap},
     keywords = {infrared: planetary systems, techniques: imaging spectroscopy, techniques: high angular resolution, methods: data analysis, Astrophysics - Earth and Planetary Astrophysics},
         year = 2015,
        month = apr,
       volume = {576},
          eid = {A59},
        pages = {A59},
          doi = {10.1051/0004-6361/201425018},
archivePrefix = {arXiv},
       eprint = {1503.01136},
 primaryClass = {astro-ph.EP},
       adsurl = {https://ui.adsabs.harvard.edu/abs/2015A&A...576A..59S},
      adsnote = {Provided by the SAO/NASA Astrophysics Data System}
}


@ARTICLE{2012ApJ...752....1R,
       author = {{Rappaport}, S. and {Levine}, A. and {Chiang}, E. and {El Mellah}, I. and {Jenkins}, J. and {Kalomeni}, B. and {Kite}, E.~S. and {Kotson}, M. and {Nelson}, L. and {Rousseau-Nepton}, L. and {Tran}, K.},
        title = "{Possible Disintegrating Short-period Super-Mercury Orbiting KIC 12557548}",
      journal = {\apj},
     keywords = {eclipses, occultations, planetary systems, planets and satellites: general, Astrophysics - Earth and Planetary Astrophysics},
         year = 2012,
        month = jun,
       volume = {752},
       number = {1},
          eid = {1},
        pages = {1},
          doi = {10.1088/0004-637X/752/1/1},
archivePrefix = {arXiv},
       eprint = {1201.2662},
 primaryClass = {astro-ph.EP},
       adsurl = {https://ui.adsabs.harvard.edu/abs/2012ApJ...752....1R},
      adsnote = {Provided by the SAO/NASA Astrophysics Data System}
}



@ARTICLE{2023MNRAS.518.1761B,
       author = {{Booth}, Richard A. and {Owen}, James E. and {Schulik}, Matth{\"a}us},
        title = "{Dust formation in the outflows of catastrophically evaporating planets}",
      journal = {\mnras},
     keywords = {planets and satellites: atmospheres, planets and satellites: surfaces, Astrophysics - Earth and Planetary Astrophysics},
         year = 2023,
        month = jan,
       volume = {518},
       number = {2},
        pages = {1761-1775},
          doi = {10.1093/mnras/stac3121},
archivePrefix = {arXiv},
       eprint = {2204.13117},
 primaryClass = {astro-ph.EP},
       adsurl = {https://ui.adsabs.harvard.edu/abs/2023MNRAS.518.1761B},
      adsnote = {Provided by the SAO/NASA Astrophysics Data System}
}



@ARTICLE{2016A&A...596A..32V,
       author = {{van Lieshout}, R. and {Min}, M. and {Dominik}, C. and {Brogi}, M. and {de Graaff}, T. and {Hekker}, S. and {Kama}, M. and {Keller}, C.~U. and {Ridden-Harper}, A. and {van Werkhoven}, T.~I.~M.},
        title = "{Dusty tails of evaporating exoplanets. II. Physical modelling of the KIC 12557548b light curve}",
      journal = {\aap},
     keywords = {eclipses, occultations, planets and satellites: composition, planets and satellites: individual: KIC 12557548b, planet-star interactions, Astrophysics - Earth and Planetary Astrophysics},
         year = 2016,
        month = nov,
       volume = {596},
          eid = {A32},
        pages = {A32},
          doi = {10.1051/0004-6361/201629250},
archivePrefix = {arXiv},
       eprint = {1609.00275},
 primaryClass = {astro-ph.EP},
       adsurl = {https://ui.adsabs.harvard.edu/abs/2016A&A...596A..32V},
      adsnote = {Provided by the SAO/NASA Astrophysics Data System}
}



@ARTICLE{2015ApJ...812..112S,
       author = {{Sanchis-Ojeda}, R. and {Rappaport}, S. and {Pall{\`e}}, E. and {Delrez}, L. and {DeVore}, J. and {Gandolfi}, D. and {Fukui}, A. and {Ribas}, I. and {Stassun}, K.~G. and {Albrecht}, S. and {Dai}, F. and {Gaidos}, E. and {Gillon}, M. and {Hirano}, T. and {Holman}, M. and {Howard}, A.~W. and {Isaacson}, H. and {Jehin}, E. and {Kuzuhara}, M. and {Mann}, A.~W. and {Marcy}, G.~W. and {Miles-P{\'a}ez}, P.~A. and {Monta{\~n}{\'e}s-Rodr{\'\i}guez}, P. and {Murgas}, F. and {Narita}, N. and {Nowak}, G. and {Onitsuka}, M. and {Paegert}, M. and {Van Eylen}, V. and {Winn}, J.~N. and {Yu}, L.},
        title = "{The K2-ESPRINT Project I: Discovery of the Disintegrating Rocky Planet K2-22b with a Cometary Head and Leading Tail}",
      journal = {\apj},
     keywords = {planetary systems, planets and satellites: atmospheres, planets and satellites: detection, Astrophysics - Earth and Planetary Astrophysics},
         year = 2015,
        month = oct,
       volume = {812},
       number = {2},
          eid = {112},
        pages = {112},
          doi = {10.1088/0004-637X/812/2/112},
archivePrefix = {arXiv},
       eprint = {1504.04379},
 primaryClass = {astro-ph.EP},
       adsurl = {https://ui.adsabs.harvard.edu/abs/2015ApJ...812..112S},
      adsnote = {Provided by the SAO/NASA Astrophysics Data System}
}



@ARTICLE{2019A&A...623A.158H,
       author = {{H{\"o}fner}, Susanne and {Freytag}, Bernd},
        title = "{Exploring the origin of clumpy dust clouds around cool giants. A global 3D RHD model of a dust-forming M-type AGB star}",
      journal = {\aap},
     keywords = {convection, shock waves, stars: AGB and post-AGB, stars: atmospheres, stars: oscillations, circumstellar matter, Astrophysics - Solar and Stellar Astrophysics},
         year = 2019,
        month = mar,
       volume = {623},
          eid = {A158},
        pages = {A158},
          doi = {10.1051/0004-6361/201834799},
archivePrefix = {arXiv},
       eprint = {1902.04074},
 primaryClass = {astro-ph.SR},
       adsurl = {https://ui.adsabs.harvard.edu/abs/2019A&A...623A.158H},
      adsnote = {Provided by the SAO/NASA Astrophysics Data System}
}


@ARTICLE{2019MNRAS.489.4890B,
       author = {{Boulangier}, Jels and {Gobrecht}, D. and {Decin}, L. and {de Koter}, A. and {Yates}, J.},
        title = "{Developing a self-consistent AGB wind model - II. Non-classical, non-equilibrium polymer nucleation in a chemical mixture}",
      journal = {\mnras},
     keywords = {astrochemistry, methods: numerical, stars: AGB and post-AGB, stars: winds, outflows, Astrophysics - Solar and Stellar Astrophysics, Astrophysics - Instrumentation and Methods for Astrophysics, Condensed Matter - Statistical Mechanics},
         year = 2019,
        month = nov,
       volume = {489},
       number = {4},
        pages = {4890-4911},
          doi = {10.1093/mnras/stz2358},
archivePrefix = {arXiv},
       eprint = {1908.09633},
 primaryClass = {astro-ph.SR},
       adsurl = {https://ui.adsabs.harvard.edu/abs/2019MNRAS.489.4890B},
      adsnote = {Provided by the SAO/NASA Astrophysics Data System}
}



@ARTICLE{2021Natur.594..365M,
       author = {{Montarg{\`e}s}, M. and {Cannon}, E. and {Lagadec}, E. and {de Koter}, A. and {Kervella}, P. and {Sanchez-Bermudez}, J. and {Paladini}, C. and {Cantalloube}, F. and {Decin}, L. and {Scicluna}, P. and {Kravchenko}, K. and {Dupree}, A.~K. and {Ridgway}, S. and {Wittkowski}, M. and {Anugu}, N. and {Norris}, R. and {Rau}, G. and {Perrin}, G. and {Chiavassa}, A. and {Kraus}, S. and {Monnier}, J.~D. and {Millour}, F. and {Le Bouquin}, J. -B. and {Haubois}, X. and {Lopez}, B. and {Stee}, P. and {Danchi}, W.},
        title = "{A dusty veil shading Betelgeuse during its Great Dimming}",
      journal = {\nat},
     keywords = {Astrophysics - Solar and Stellar Astrophysics},
         year = 2021,
        month = jun,
       volume = {594},
       number = {7863},
        pages = {365-368},
          doi = {10.1038/s41586-021-03546-8},
archivePrefix = {arXiv},
       eprint = {2201.10551},
 primaryClass = {astro-ph.SR},
       adsurl = {https://ui.adsabs.harvard.edu/abs/2021Natur.594..365M},
      adsnote = {Provided by the SAO/NASA Astrophysics Data System}
}



@ARTICLE{2005MNRAS.357..251T,
       author = {{Townsend}, R.~H.~D. and {Owocki}, S.~P.},
        title = "{A rigidly rotating magnetosphere model for circumstellar emission from magnetic OB stars}",
      journal = {\mnras},
     keywords = {stars: chemically peculiar, stars: early-type, stars: emission-line, Be, stars: magnetic fields, stars: mass-loss, stars: rotation, Astrophysics},
         year = 2005,
        month = feb,
       volume = {357},
       number = {1},
        pages = {251-264},
          doi = {10.1111/j.1365-2966.2005.08642.x},
archivePrefix = {arXiv},
       eprint = {astro-ph/0408565},
 primaryClass = {astro-ph},
       adsurl = {https://ui.adsabs.harvard.edu/abs/2005MNRAS.357..251T},
      adsnote = {Provided by the SAO/NASA Astrophysics Data System}
}


@ARTICLE{2018AJ....156...71C,
       author = {{Cody}, Ann Marie and {Hillenbrand}, Lynne A.},
        title = "{The Many-faceted Light Curves of Young Disk-bearing Stars in Upper Sco -- Oph Observed by K2 Campaign 2}",
      journal = {\aj},
     keywords = {accretion, accretion disks, circumstellar matter, protoplanetary disks, stars: pre-main sequence, stars: variables: T Tauri, Herbig Ae/Be, starspots, Astrophysics - Solar and Stellar Astrophysics},
         year = 2018,
        month = aug,
       volume = {156},
       number = {2},
          eid = {71},
        pages = {71},
          doi = {10.3847/1538-3881/aacead},
archivePrefix = {arXiv},
       eprint = {1802.06409},
 primaryClass = {astro-ph.SR},
       adsurl = {https://ui.adsabs.harvard.edu/abs/2018AJ....156...71C},
      adsnote = {Provided by the SAO/NASA Astrophysics Data System}
}



@ARTICLE{2023ApJ...945..114P,
       author = {{Popinchalk}, Mark and {Faherty}, Jacqueline K. and {Curtis}, Jason L. and {Gagn{\'e}}, Jonathan and {Bardalez Gagliuffi}, Daniella C. and {Vos}, Johanna M. and {Ayala}, Andrew and {Gonzales}, Lisseth and {Kiman}, Rocio},
        title = "{Examining the Rotation Period Distribution of the 40 Myr Tucana-Horologium Association with TESS}",
      journal = {\apj},
     keywords = {Stellar rotation, M dwarf stars, Light curves, Young stellar objects, Young star clusters, 1629, 982, 918, 1834, 1833, Astrophysics - Solar and Stellar Astrophysics, Astrophysics - Earth and Planetary Astrophysics, Astrophysics - Astrophysics of Galaxies},
         year = 2023,
        month = mar,
       volume = {945},
       number = {2},
          eid = {114},
        pages = {114},
          doi = {10.3847/1538-4357/acb055},
archivePrefix = {arXiv},
       eprint = {2211.05258},
 primaryClass = {astro-ph.SR},
       adsurl = {https://ui.adsabs.harvard.edu/abs/2023ApJ...945..114P},
      adsnote = {Provided by the SAO/NASA Astrophysics Data System}
}


@ARTICLE{2021A&ARv..29....1K,
       author = {{Kochukhov}, Oleg},
        title = "{Magnetic fields of M dwarfs}",
      journal = {\aapr},
     keywords = {Stars: activity, Stars: atmospheres, Stars: interiors, Stars: low mass, Stars: magnetic field, Stars: rotation, Techniques: polarimetric, Techniques: spectroscopic, Astrophysics - Solar and Stellar Astrophysics},
         year = 2021,
        month = dec,
       volume = {29},
       number = {1},
          eid = {1},
        pages = {1},
          doi = {10.1007/s00159-020-00130-3},
archivePrefix = {arXiv},
       eprint = {2011.01781},
 primaryClass = {astro-ph.SR},
       adsurl = {https://ui.adsabs.harvard.edu/abs/2021A&ARv..29....1K},
      adsnote = {Provided by the SAO/NASA Astrophysics Data System}
}



@ARTICLE{2017NatAs...1E.184S,
       author = {{Shulyak}, D. and {Reiners}, A. and {Engeln}, A. and {Malo}, L. and {Yadav}, R. and {Morin}, J. and {Kochukhov}, O.},
        title = "{Strong dipole magnetic fields in fast rotating fully convective stars}",
      journal = {Nature Astronomy},
     keywords = {Astrophysics - Solar and Stellar Astrophysics},
         year = 2017,
        month = aug,
       volume = {1},
          eid = {0184},
        pages = {0184},
          doi = {10.1038/s41550-017-0184},
archivePrefix = {arXiv},
       eprint = {1801.08571},
 primaryClass = {astro-ph.SR},
       adsurl = {https://ui.adsabs.harvard.edu/abs/2017NatAs...1E.184S},
      adsnote = {Provided by the SAO/NASA Astrophysics Data System}
}


@ARTICLE{2018A&A...619A.177B,
       author = {{Baraffe}, Isabelle and {Chabrier}, Gilles},
        title = "{A closer look at the transition between fully convective and partly radiative low-mass stars}",
      journal = {\aap},
     keywords = {stars: low-mass, stars: evolution, Hertzsprung-Russell and C-M diagrams, convection, Astrophysics - Solar and Stellar Astrophysics},
         year = 2018,
        month = nov,
       volume = {619},
          eid = {A177},
        pages = {A177},
          doi = {10.1051/0004-6361/201834062},
archivePrefix = {arXiv},
       eprint = {1809.07274},
 primaryClass = {astro-ph.SR},
       adsurl = {https://ui.adsabs.harvard.edu/abs/2018A&A...619A.177B},
      adsnote = {Provided by the SAO/NASA Astrophysics Data System}
}


@ARTICLE{2019A&A...631A..77A,
       author = {{Amard}, L. and {Palacios}, A. and {Charbonnel}, C. and {Gallet}, F. and {Georgy}, C. and {Lagarde}, N. and {Siess}, L.},
        title = "{First grids of low-mass stellar models and isochrones with self-consistent treatment of rotation. From 0.2 to 1.5 M$_{{\ensuremath{\odot}}}$ at seven metallicities from PMS to TAMS}",
      journal = {\aap},
     keywords = {stars: evolution, stars: rotation, stars: low-mass, stars: pre-main sequence, Astrophysics - Solar and Stellar Astrophysics},
         year = 2019,
        month = nov,
       volume = {631},
          eid = {A77},
        pages = {A77},
          doi = {10.1051/0004-6361/201935160},
archivePrefix = {arXiv},
       eprint = {1905.08516},
 primaryClass = {astro-ph.SR},
       adsurl = {https://ui.adsabs.harvard.edu/abs/2019A&A...631A..77A},
      adsnote = {Provided by the SAO/NASA Astrophysics Data System}
}



@ARTICLE{2008A&A...486..951G,
       author = {{Gustafsson}, B. and {Edvardsson}, B. and {Eriksson}, K. and {J{\o}rgensen}, U.~G. and {Nordlund}, {\r{A}}. and {Plez}, B.},
        title = "{A grid of MARCS model atmospheres for late-type stars. I. Methods and general properties}",
      journal = {\aap},
     keywords = {stars: atmospheres, Sun: abundances, stars: fundamental parameters, stars: general, stars: late-type, stars: supergiants, Astrophysics},
         year = 2008,
        month = aug,
       volume = {486},
       number = {3},
        pages = {951-970},
          doi = {10.1051/0004-6361:200809724},
archivePrefix = {arXiv},
       eprint = {0805.0554},
 primaryClass = {astro-ph},
       adsurl = {https://ui.adsabs.harvard.edu/abs/2008A&A...486..951G},
      adsnote = {Provided by the SAO/NASA Astrophysics Data System}
}



@ARTICLE{2017AJ....154..224R,
       author = {{Rizzuto}, Aaron C. and {Mann}, Andrew W. and {Vanderburg}, Andrew and {Kraus}, Adam L. and {Covey}, Kevin R.},
        title = "{Zodiacal Exoplanets in Time (ZEIT). V. A Uniform Search for Transiting Planets in Young Clusters Observed by K2}",
      journal = {\aj},
     keywords = {methods: data analysis, open clusters and associations: general, planetary systems, planets and satellites: detections, planets and satellites: dynamical evolution and stability, stars: pre-main sequence, Astrophysics - Earth and Planetary Astrophysics},
         year = 2017,
        month = dec,
       volume = {154},
       number = {6},
          eid = {224},
        pages = {224},
          doi = {10.3847/1538-3881/aa9070},
archivePrefix = {arXiv},
       eprint = {1709.09670},
 primaryClass = {astro-ph.EP},
       adsurl = {https://ui.adsabs.harvard.edu/abs/2017AJ....154..224R},
      adsnote = {Provided by the SAO/NASA Astrophysics Data System}
}



@ARTICLE{2015ApJ...807...45D,
       author = {{Dressing}, Courtney D. and {Charbonneau}, David},
        title = "{The Occurrence of Potentially Habitable Planets Orbiting M Dwarfs Estimated from the Full Kepler Dataset and an Empirical Measurement of the Detection Sensitivity}",
      journal = {\apj},
     keywords = {catalogs, methods: data analysis, planetary systems, stars: low-mass, surveys, techniques: photometric, Astrophysics - Earth and Planetary Astrophysics, Astrophysics - Solar and Stellar Astrophysics},
         year = 2015,
        month = jul,
       volume = {807},
       number = {1},
          eid = {45},
        pages = {45},
          doi = {10.1088/0004-637X/807/1/45},
archivePrefix = {arXiv},
       eprint = {1501.01623},
 primaryClass = {astro-ph.EP},
       adsurl = {https://ui.adsabs.harvard.edu/abs/2015ApJ...807...45D},
      adsnote = {Provided by the SAO/NASA Astrophysics Data System}
}



@ARTICLE{2021AJ....161...68L,
       author = {{Louden}, Emma M. and {Winn}, Joshua N. and {Petigura}, Erik A. and {Isaacson}, Howard and {Howard}, Andrew W. and {Masuda}, Kento and {Albrecht}, Simon and {Kosiarek}, Molly R.},
        title = "{Hot Stars with Kepler Planets Have High Obliquities}",
      journal = {\aj},
     keywords = {Exoplanets, Stellar rotation, 498, 1629, Astrophysics - Earth and Planetary Astrophysics, Astrophysics - Solar and Stellar Astrophysics},
         year = 2021,
        month = feb,
       volume = {161},
       number = {2},
          eid = {68},
        pages = {68},
          doi = {10.3847/1538-3881/abcebd},
archivePrefix = {arXiv},
       eprint = {2012.00776},
 primaryClass = {astro-ph.EP},
       adsurl = {https://ui.adsabs.harvard.edu/abs/2021AJ....161...68L},
      adsnote = {Provided by the SAO/NASA Astrophysics Data System}
}



@ARTICLE{2014ApJ...796...47M,
       author = {{Morton}, Timothy D. and {Winn}, Joshua N.},
        title = "{Obliquities of Kepler Stars: Comparison of Single- and Multiple-transit Systems}",
      journal = {\apj},
     keywords = {methods: statistical, planetary systems, planets and satellites: general, Astrophysics - Earth and Planetary Astrophysics},
         year = 2014,
        month = nov,
       volume = {796},
       number = {1},
          eid = {47},
        pages = {47},
          doi = {10.1088/0004-637X/796/1/47},
archivePrefix = {arXiv},
       eprint = {1408.6606},
 primaryClass = {astro-ph.EP},
       adsurl = {https://ui.adsabs.harvard.edu/abs/2014ApJ...796...47M},
      adsnote = {Provided by the SAO/NASA Astrophysics Data System}
}



@ARTICLE{2009ApJ...696.1230F,
       author = {{Fabrycky}, Daniel C. and {Winn}, Joshua N.},
        title = "{Exoplanetary Spin-Orbit Alignment: Results from the Ensemble of Rossiter-McLaughlin Observations}",
      journal = {\apj},
     keywords = {celestial mechanics, methods: statistical, planetary systems, stars: rotation, Astrophysics - Earth and Planetary Astrophysics, Astrophysics - Solar and Stellar Astrophysics},
         year = 2009,
        month = may,
       volume = {696},
       number = {2},
        pages = {1230-1240},
          doi = {10.1088/0004-637X/696/2/1230},
archivePrefix = {arXiv},
       eprint = {0902.0737},
 primaryClass = {astro-ph.EP},
       adsurl = {https://ui.adsabs.harvard.edu/abs/2009ApJ...696.1230F},
      adsnote = {Provided by the SAO/NASA Astrophysics Data System}
}



@ARTICLE{2020AJ....159...81M,
       author = {{Masuda}, Kento and {Winn}, Joshua N.},
        title = "{On the Inference of a Star's Inclination Angle from its Rotation Velocity and Projected Rotation Velocity}",
      journal = {\aj},
     keywords = {Exoplanet astronomy, Stellar rotation, Astrostatistics, 486, 1629, 1882, Astrophysics - Instrumentation and Methods for Astrophysics, Astrophysics - Earth and Planetary Astrophysics, Astrophysics - Solar and Stellar Astrophysics},
         year = 2020,
        month = mar,
       volume = {159},
       number = {3},
          eid = {81},
        pages = {81},
          doi = {10.3847/1538-3881/ab65be},
archivePrefix = {arXiv},
       eprint = {2001.04973},
 primaryClass = {astro-ph.IM},
       adsurl = {https://ui.adsabs.harvard.edu/abs/2020AJ....159...81M},
      adsnote = {Provided by the SAO/NASA Astrophysics Data System}
}



@ARTICLE{2015A&A...577A..42B,
       author = {{Baraffe}, Isabelle and {Homeier}, Derek and {Allard}, France and {Chabrier}, Gilles},
        title = "{New evolutionary models for pre-main sequence and main sequence low-mass stars down to the hydrogen-burning limit}",
      journal = {\aap},
     keywords = {stars: evolution, stars: low-mass, stars: pre-main sequence, Hertzsprung-Russell and C-M diagrams, convection, Astrophysics - Solar and Stellar Astrophysics},
         year = 2015,
        month = may,
       volume = {577},
          eid = {A42},
        pages = {A42},
          doi = {10.1051/0004-6361/201425481},
archivePrefix = {arXiv},
       eprint = {1503.04107},
 primaryClass = {astro-ph.SR},
       adsurl = {https://ui.adsabs.harvard.edu/abs/2015A&A...577A..42B},
      adsnote = {Provided by the SAO/NASA Astrophysics Data System}
}



@ARTICLE{2017AJ....153..136S,
       author = {{Stassun}, Keivan G. and {Collins}, Karen A. and {Gaudi}, B. Scott},
        title = "{Accurate Empirical Radii and Masses of Planets and Their Host Stars with Gaia Parallaxes}",
      journal = {\aj},
     keywords = {astronomical databases: miscellaneous, methods: data analysis, planets and satellites: fundamental parameters, stars: fundamental parameters, Astrophysics - Earth and Planetary Astrophysics, Astrophysics - Solar and Stellar Astrophysics},
         year = 2017,
        month = mar,
       volume = {153},
       number = {3},
          eid = {136},
        pages = {136},
          doi = {10.3847/1538-3881/aa5df3},
archivePrefix = {arXiv},
       eprint = {1609.04389},
 primaryClass = {astro-ph.EP},
       adsurl = {https://ui.adsabs.harvard.edu/abs/2017AJ....153..136S},
      adsnote = {Provided by the SAO/NASA Astrophysics Data System}
}



@ARTICLE{1999ApJ...512..377H,
       author = {{Hauschildt}, Peter H. and {Allard}, France and {Baron}, E.},
        title = "{The NextGen Model Atmosphere Grid for 3000<=T$_{eff}$<=10,000 K}",
      journal = {\apj},
     keywords = {RADIATIVE TRANSFER, STARS: ATMOSPHERES, STARS: LATE-TYPE, Radiative Transfer, Stars: Atmospheres, Stars: Late-Type, Astrophysics},
         year = 1999,
        month = feb,
       volume = {512},
       number = {1},
        pages = {377-385},
          doi = {10.1086/306745},
archivePrefix = {arXiv},
       eprint = {astro-ph/9807286},
 primaryClass = {astro-ph},
       adsurl = {https://ui.adsabs.harvard.edu/abs/1999ApJ...512..377H},
      adsnote = {Provided by the SAO/NASA Astrophysics Data System}
}



@ARTICLE{2009ApJ...705..683B,
       author = {{Barnes}, Jason W.},
        title = "{Transit Lightcurves of Extrasolar Planets Orbiting Rapidly Rotating Stars}",
      journal = {\apj},
     keywords = {eclipses, stars: individual: Altair, techniques: photometric, Astrophysics - Earth and Planetary Astrophysics, Astrophysics - Solar and Stellar Astrophysics},
         year = 2009,
        month = nov,
       volume = {705},
       number = {1},
        pages = {683-692},
          doi = {10.1088/0004-637X/705/1/683},
archivePrefix = {arXiv},
       eprint = {0909.1752},
 primaryClass = {astro-ph.EP},
       adsurl = {https://ui.adsabs.harvard.edu/abs/2009ApJ...705..683B},
      adsnote = {Provided by the SAO/NASA Astrophysics Data System}
}



@ARTICLE{2012ApJ...756...47S,
       author = {{Stassun}, Keivan G. and {Kratter}, Kaitlin M. and {Scholz}, Aleks and {Dupuy}, Trent J.},
        title = "{An Empirical Correction for Activity Effects on the Temperatures, Radii, and Estimated Masses of Low-mass Stars and Brown Dwarfs}",
      journal = {\apj},
     keywords = {brown dwarfs, stars: activity, stars: fundamental parameters, stars: low-mass, Astrophysics - Solar and Stellar Astrophysics},
         year = 2012,
        month = sep,
       volume = {756},
       number = {1},
          eid = {47},
        pages = {47},
          doi = {10.1088/0004-637X/756/1/47},
archivePrefix = {arXiv},
       eprint = {1206.4930},
 primaryClass = {astro-ph.SR},
       adsurl = {https://ui.adsabs.harvard.edu/abs/2012ApJ...756...47S},
      adsnote = {Provided by the SAO/NASA Astrophysics Data System}
}



@ARTICLE{2023arXiv230207853R,
       author = {{Ratzenb{\"o}ck}, Sebastian and {Alves}, Jo{\~a}o and {Gro{\ss}schedl}, Josefa E. and {Miret-Roig}, N{\'u}ria and {Meingast}, Stefan and {Piecka}, Martin and {Posch}, Laura and {Rottensteiner}, Alena and {Swiggum}, Cameren},
        title = "{The star formation history of the Sco-Cen association: Coherent star formation patterns in space and time}",
      journal = {arXiv e-prints},
     keywords = {Astrophysics - Solar and Stellar Astrophysics, Astrophysics - Earth and Planetary Astrophysics, Astrophysics - Astrophysics of Galaxies},
         year = 2023,
        month = feb,
          eid = {arXiv:2302.07853},
        pages = {arXiv:2302.07853},
          doi = {10.48550/arXiv.2302.07853},
archivePrefix = {arXiv},
       eprint = {2302.07853},
 primaryClass = {astro-ph.SR},
       adsurl = {https://ui.adsabs.harvard.edu/abs/2023arXiv230207853R},
      adsnote = {Provided by the SAO/NASA Astrophysics Data System}
}



@ARTICLE{2019ApJ...871...63M,
       author = {{Mann}, Andrew W. and {Dupuy}, Trent and {Kraus}, Adam L. and {Gaidos}, Eric and {Ansdell}, Megan and {Ireland}, Michael and {Rizzuto}, Aaron C. and {Hung}, Chao-Ling and {Dittmann}, Jason and {Factor}, Samuel and {Feiden}, Gregory and {Martinez}, Raquel A. and {Ru{\'\i}z-Rodr{\'\i}guez}, Dary and {Thao}, Pa Chia},
        title = "{How to Constrain Your M Dwarf. II. The Mass-Luminosity-Metallicity Relation from 0.075 to 0.70 Solar Masses}",
      journal = {\apj},
     keywords = {binaries: visual, stars: late-type, stars: low-mass, stars: luminosity function, mass function, Astrophysics - Solar and Stellar Astrophysics},
         year = 2019,
        month = jan,
       volume = {871},
       number = {1},
          eid = {63},
        pages = {63},
          doi = {10.3847/1538-4357/aaf3bc},
archivePrefix = {arXiv},
       eprint = {1811.06938},
 primaryClass = {astro-ph.SR},
       adsurl = {https://ui.adsabs.harvard.edu/abs/2019ApJ...871...63M},
      adsnote = {Provided by the SAO/NASA Astrophysics Data System}
}



@ARTICLE{2015ApJ...804...64M,
       author = {{Mann}, Andrew W. and {Feiden}, Gregory A. and {Gaidos}, Eric and {Boyajian}, Tabetha and {von Braun}, Kaspar},
        title = "{How to Constrain Your M Dwarf: Measuring Effective Temperature, Bolometric Luminosity, Mass, and Radius}",
      journal = {\apj},
     keywords = {planetary systems, stars: abundances, stars: fundamental parameters, stars: late-type, stars: low-mass, stars: statistics, Astrophysics - Solar and Stellar Astrophysics},
         year = 2015,
        month = may,
       volume = {804},
       number = {1},
          eid = {64},
        pages = {64},
          doi = {10.1088/0004-637X/804/1/64},
archivePrefix = {arXiv},
       eprint = {1501.01635},
 primaryClass = {astro-ph.SR},
       adsurl = {https://ui.adsabs.harvard.edu/abs/2015ApJ...804...64M},
      adsnote = {Provided by the SAO/NASA Astrophysics Data System}
}



@ARTICLE{Soderblom10,
   author = {{Soderblom}, D.~R.},
    title = "{The Ages of Stars}",
  journal = {\araa},
archivePrefix = "arXiv",
   eprint = {1003.6074},
 primaryClass = "astro-ph.SR",
     year = 2010,
    month = sep,
   volume = 48,
    pages = {581-629},
      doi = {10.1146/annurev-astro-081309-130806},
   adsurl = {http://adsabs.harvard.edu/abs/2010ARA%26A..48..581S},
  adsnote = {Provided by the SAO/NASA Astrophysics Data System}
}


@ARTICLE{2021AJ....161..171T,
       author = {{Tofflemire}, Benjamin M. and {Rizzuto}, Aaron C. and {Newton}, Elisabeth R. and {Kraus}, Adam L. and {Mann}, Andrew W. and {Vanderburg}, Andrew and {Nelson}, Tyler and {Hawkins}, Keith and {Wood}, Mackenna L. and {Zhou}, George and {Quinn}, Samuel N. and {Howell}, Steve B. and {Collins}, Karen A. and {Schwarz}, Richard P. and {Stassun}, Keivan G. and {Bouma}, Luke G. and {Essack}, Zahra and {Osborn}, Hugh and {Boyd}, Patricia T. and {F{\H{u}}r{\'e}sz}, G{\'a}bor and {Glidden}, Ana and {Twicken}, Joseph D. and {Wohler}, Bill and {McLean}, Brian and {Ricker}, George R. and {Vanderspek}, Roland and {Latham}, David W. and {Seager}, S. and {Winn}, Joshua N. and {Jenkins}, Jon M.},
        title = "{TESS Hunt for Young and Maturing Exoplanets (THYME). V. A Sub-Neptune Transiting a Young Star in a Newly Discovered 250 Myr Association}",
      journal = {\aj},
     keywords = {Exoplanet astronomy, Exoplanets, Mini Neptunes, Stellar astronomy, Wide binary stars, Moving clusters, Stellar ages, Transits, 486, 498, 1063, 1583, 1801, 1076, 1581, 1711, Astrophysics - Earth and Planetary Astrophysics, Astrophysics - Solar and Stellar Astrophysics},
         year = 2021,
        month = apr,
       volume = {161},
       number = {4},
          eid = {171},
        pages = {171},
          doi = {10.3847/1538-3881/abdf53},
archivePrefix = {arXiv},
       eprint = {2102.06066},
 primaryClass = {astro-ph.EP},
       adsurl = {https://ui.adsabs.harvard.edu/abs/2021AJ....161..171T},
      adsnote = {Provided by the SAO/NASA Astrophysics Data System}
}



@ARTICLE{2018ApJ...856...23G,
       author = {{Gagn{\'e}}, Jonathan and {Mamajek}, Eric E. and {Malo}, Lison and {Riedel}, Adric and {Rodriguez}, David and {Lafreni{\`e}re}, David and {Faherty}, Jacqueline K. and {Roy-Loubier}, Olivier and {Pueyo}, Laurent and {Robin}, Annie C. and {Doyon}, Ren{\'e}},
        title = "{BANYAN. XI. The BANYAN {\ensuremath{\Sigma}} Multivariate Bayesian Algorithm to Identify Members of Young Associations with 150 pc}",
      journal = {\apj},
     keywords = {brown dwarfs, methods: data analysis, proper motions, stars: kinematics and dynamics, stars: low-mass, Astrophysics - Solar and Stellar Astrophysics},
         year = 2018,
        month = mar,
       volume = {856},
       number = {1},
          eid = {23},
        pages = {23},
          doi = {10.3847/1538-4357/aaae09},
archivePrefix = {arXiv},
       eprint = {1801.09051},
 primaryClass = {astro-ph.SR},
       adsurl = {https://ui.adsabs.harvard.edu/abs/2018ApJ...856...23G},
      adsnote = {Provided by the SAO/NASA Astrophysics Data System}
}



@ARTICLE{2016ApJ...830...15J,
       author = {{Johns-Krull}, Christopher M. and {Prato}, Lisa and {McLane}, Jacob N. and {Ciardi}, David R. and {van Eyken}, Julian C. and {Chen}, Wei and {Stauffer}, John R. and {Beichman}, Charles A. and {Frazier}, Sarah A. and {Boden}, Andrew F. and {Morales-Calder{\'o}n}, Maria and {Rebull}, Luisa M.},
        title = "{H{\ensuremath{\alpha}} Variability in PTFO8-8695 and the Possible Direct Detection of Emission from a 2 Million Year Old Evaporating Hot Jupiter}",
      journal = {\apj},
     keywords = {accretion, accretion disks, line: profiles, stars: atmospheres, stars: formation, stars: magnetic field, stars: pre-main sequence, Astrophysics - Earth and Planetary Astrophysics, Astrophysics - Solar and Stellar Astrophysics},
         year = 2016,
        month = oct,
       volume = {830},
       number = {1},
          eid = {15},
        pages = {15},
          doi = {10.3847/0004-637X/830/1/15},
archivePrefix = {arXiv},
       eprint = {1606.02701},
 primaryClass = {astro-ph.EP},
       adsurl = {https://ui.adsabs.harvard.edu/abs/2016ApJ...830...15J},
      adsnote = {Provided by the SAO/NASA Astrophysics Data System}
}



@ARTICLE{2021A&A...649A...6G,
       author = {{Gaia Collaboration} and {Smart}, R.~L. and {Sarro}, L.~M. and {Rybizki}, J. and {Reyl{\'e}}, C. and {Robin}, A.~C. and {Hambly}, N.~C. and {Abbas}, U. and {Barstow}, M.~A. and {de Bruijne}, J.~H.~J. and {Bucciarelli}, B. and {Carrasco}, J.~M. and {Cooper}, W.~J. and {Hodgkin}, S.~T. and {Masana}, E. and {Michalik}, D. and {Sahlmann}, J. and {Sozzetti}, A. and {Brown}, A.~G.~A. and {Vallenari}, A. and {Prusti}, T. and {Babusiaux}, C. and {Biermann}, M. and {Creevey}, O.~L. and {Evans}, D.~W. and {Eyer}, L. and {Hutton}, A. and {Jansen}, F. and {Jordi}, C. and {Klioner}, S.~A. and {Lammers}, U. and {Lindegren}, L. and {Luri}, X. and {Mignard}, F. and {Panem}, C. and {Pourbaix}, D. and {Randich}, S. and {Sartoretti}, P. and {Soubiran}, C. and {Walton}, N.~A. and {Arenou}, F. and {Bailer-Jones}, C.~A.~L. and {Bastian}, U. and {Cropper}, M. and {Drimmel}, R. and {Katz}, D. and {Lattanzi}, M.~G. and {van Leeuwen}, F. and {Bakker}, J. and {Casta{\~n}eda}, J. and {De Angeli}, F. and {Ducourant}, C. and {Fabricius}, C. and {Fouesneau}, M. and {Fr{\'e}mat}, Y. and {Guerra}, R. and {Guerrier}, A. and {Guiraud}, J. and {Jean-Antoine Piccolo}, A. and {Messineo}, R. and {Mowlavi}, N. and {Nicolas}, C. and {Nienartowicz}, K. and {Pailler}, F. and {Panuzzo}, P. and {Riclet}, F. and {Roux}, W. and {Seabroke}, G.~M. and {Sordo}, R. and {Tanga}, P. and {Th{\'e}venin}, F. and {Gracia-Abril}, G. and {Portell}, J. and {Teyssier}, D. and {Altmann}, M. and {Andrae}, R. and {Bellas-Velidis}, I. and {Benson}, K. and {Berthier}, J. and {Blomme}, R. and {Brugaletta}, E. and {Burgess}, P.~W. and {Busso}, G. and {Carry}, B. and {Cellino}, A. and {Cheek}, N. and {Clementini}, G. and {Damerdji}, Y. and {Davidson}, M. and {Delchambre}, L. and {Dell'Oro}, A. and {Fern{\'a}ndez-Hern{\'a}ndez}, J. and {Galluccio}, L. and {Garc{\'\i}a-Lario}, P. and {Garcia-Reinaldos}, M. and {Gonz{\'a}lez-N{\'u}{\~n}ez}, J. and {Gosset}, E. and {Haigron}, R. and {Halbwachs}, J. -L. and {Harrison}, D.~L. and {Hatzidimitriou}, D. and {Heiter}, U. and {Hern{\'a}ndez}, J. and {Hestroffer}, D. and {Holl}, B. and {Jan{\ss}en}, K. and {Jevardat de Fombelle}, G. and {Jordan}, S. and {Krone-Martins}, A. and {Lanzafame}, A.~C. and {L{\"o}ffler}, W. and {Lorca}, A. and {Manteiga}, M. and {Marchal}, O. and {Marrese}, P.~M. and {Moitinho}, A. and {Mora}, A. and {Muinonen}, K. and {Osborne}, P. and {Pancino}, E. and {Pauwels}, T. and {Recio-Blanco}, A. and {Richards}, P.~J. and {Riello}, M. and {Rimoldini}, L. and {Roegiers}, T. and {Siopis}, C. and {Smith}, M. and {Ulla}, A. and {Utrilla}, E. and {van Leeuwen}, M. and {van Reeven}, W. and {Abreu Aramburu}, A. and {Accart}, S. and {Aerts}, C. and {Aguado}, J.~J. and {Ajaj}, M. and {Altavilla}, G. and {{\'A}lvarez}, M.~A. and {{\'A}lvarez Cid-Fuentes}, J. and {Alves}, J. and {Anderson}, R.~I. and {Anglada Varela}, E. and {Antoja}, T. and {Audard}, M. and {Baines}, D. and {Baker}, S.~G. and {Balaguer-N{\'u}{\~n}ez}, L. and {Balbinot}, E. and {Balog}, Z. and {Barache}, C. and {Barbato}, D. and {Barros}, M. and {Bartolom{\'e}}, S. and {Bassilana}, J. -L. and {Bauchet}, N. and {Baudesson-Stella}, A. and {Becciani}, U. and {Bellazzini}, M. and {Bernet}, M. and {Bertone}, S. and {Bianchi}, L. and {Blanco-Cuaresma}, S. and {Boch}, T. and {Bombrun}, A. and {Bossini}, D. and {Bouquillon}, S. and {Bragaglia}, A. and {Bramante}, L. and {Breedt}, E. and {Bressan}, A. and {Brouillet}, N. and {Burlacu}, A. and {Busonero}, D. and {Butkevich}, A.~G. and {Buzzi}, R. and {Caffau}, E. and {Cancelliere}, R. and {C{\'a}novas}, H. and {Cantat-Gaudin}, T. and {Carballo}, R. and {Carlucci}, T. and {Carnerero}, M.~I. and {Casamiquela}, L. and {Castellani}, M. and {Castro-Ginard}, A. and {Castro Sampol}, P. and {Chaoul}, L. and {Charlot}, P. and {Chemin}, L. and {Chiavassa}, A. and {Cioni}, M. -R.~L. and {Comoretto}, G. and {Cornez}, T. and {Cowell}, S. and {Crifo}, F. and {Crosta}, M. and {Crowley}, C. and {Dafonte}, C. and {Dapergolas}, A. and {David}, M. and {David}, P. and {de Laverny}, P. and {De Luise}, F. and {De March}, R. and {De Ridder}, J. and {de Souza}, R. and {de Teodoro}, P. and {de Torres}, A. and {del Peloso}, E.~F. and {del Pozo}, E. and {Delgado}, A. and {Delgado}, H.~E. and {Delisle}, J. -B. and {Di Matteo}, P. and {Diakite}, S. and {Diener}, C. and {Distefano}, E. and {Dolding}, C. and {Eappachen}, D. and {Edvardsson}, B. and {Enke}, H. and {Esquej}, P. and {Fabre}, C. and {Fabrizio}, M. and {Faigler}, S. and {Fedorets}, G. and {Fernique}, P. and {Fienga}, A. and {Figueras}, F. and {Fouron}, C. and {Fragkoudi}, F. and {Fraile}, E. and {Franke}, F. and {Gai}, M. and {Garabato}, D. and {Garcia-Gutierrez}, A. and {Garc{\'\i}a-Torres}, M. and {Garofalo}, A. and {Gavras}, P. and {Gerlach}, E. and {Geyer}, R. and {Giacobbe}, P. and {Gilmore}, G. and {Girona}, S. and {Giuffrida}, G. and {Gomel}, R. and {Gomez}, A. and {Gonzalez-Santamaria}, I. and {Gonz{\'a}lez-Vidal}, J.~J. and {Granvik}, M. and {Guti{\'e}rrez-S{\'a}nchez}, R. and {Guy}, L.~P. and {Hauser}, M. and {Haywood}, M. and {Helmi}, A. and {Hidalgo}, S.~L. and {Hilger}, T. and {H{\l}adczuk}, N. and {Hobbs}, D. and {Holland}, G. and {Huckle}, H.~E. and {Jasniewicz}, G. and {Jonker}, P.~G. and {Juaristi Campillo}, J. and {Julbe}, F. and {Karbevska}, L. and {Kervella}, P. and {Khanna}, S. and {Kochoska}, A. and {Kontizas}, M. and {Kordopatis}, G. and {Korn}, A.~J. and {Kostrzewa-Rutkowska}, Z. and {Kruszy{\'n}ska}, K. and {Lambert}, S. and {Lanza}, A.~F. and {Lasne}, Y. and {Le Campion}, J. -F. and {Le Fustec}, Y. and {Lebreton}, Y. and {Lebzelter}, T. and {Leccia}, S. and {Leclerc}, N. and {Lecoeur-Taibi}, I. and {Liao}, S. and {Licata}, E. and {Lindstr{\o}m}, H.~E.~P. and {Lister}, T.~A. and {Livanou}, E. and {Lobel}, A. and {Madrero Pardo}, P. and {Managau}, S. and {Mann}, R.~G. and {Marchant}, J.~M. and {Marconi}, M. and {Marcos Santos}, M.~M.~S. and {Marinoni}, S. and {Marocco}, F. and {Marshall}, D.~J. and {Martin Polo}, L. and {Mart{\'\i}n-Fleitas}, J.~M. and {Masip}, A. and {Massari}, D. and {Mastrobuono-Battisti}, A. and {Mazeh}, T. and {McMillan}, P.~J. and {Messina}, S. and {Millar}, N.~R. and {Mints}, A. and {Molina}, D. and {Molinaro}, R. and {Moln{\'a}r}, L. and {Montegriffo}, P. and {Mor}, R. and {Morbidelli}, R. and {Morel}, T. and {Morris}, D. and {Mulone}, A.~F. and {Munoz}, D. and {Muraveva}, T. and {Murphy}, C.~P. and {Musella}, I. and {Noval}, L. and {Ord{\'e}novic}, C. and {Orr{\`u}}, G. and {Osinde}, J. and {Pagani}, C. and {Pagano}, I. and {Palaversa}, L. and {Palicio}, P.~A. and {Panahi}, A. and {Pawlak}, M. and {Pe{\~n}alosa Esteller}, X. and {Penttil{\"a}}, A. and {Piersimoni}, A.~M. and {Pineau}, F. -X. and {Plachy}, E. and {Plum}, G. and {Poggio}, E. and {Poretti}, E. and {Poujoulet}, E. and {Pr{\v{s}}a}, A. and {Pulone}, L. and {Racero}, E. and {Ragaini}, S. and {Rainer}, M. and {Raiteri}, C.~M. and {Rambaux}, N. and {Ramos}, P. and {Ramos-Lerate}, M. and {Re Fiorentin}, P. and {Regibo}, S. and {Ripepi}, V. and {Riva}, A. and {Rixon}, G. and {Robichon}, N. and {Robin}, C. and {Roelens}, M. and {Rohrbasser}, L. and {Romero-G{\'o}mez}, M. and {Rowell}, N. and {Royer}, F. and {Rybicki}, K.~A. and {Sadowski}, G. and {Sagrist{\`a} Sell{\'e}s}, A. and {Salgado}, J. and {Salguero}, E. and {Samaras}, N. and {Sanchez Gimenez}, V. and {Sanna}, N. and {Santove{\~n}a}, R. and {Sarasso}, M. and {Schultheis}, M. and {Sciacca}, E. and {Segol}, M. and {Segovia}, J.~C. and {S{\'e}gransan}, D. and {Semeux}, D. and {Shahaf}, S. and {Siddiqui}, H.~I. and {Siebert}, A. and {Siltala}, L. and {Slezak}, E. and {Solano}, E. and {Solitro}, F. and {Souami}, D. and {Souchay}, J. and {Spagna}, A. and {Spoto}, F. and {Steele}, I.~A. and {Steidelm{\"u}ller}, H. and {Stephenson}, C.~A. and {S{\"u}veges}, M. and {Szabados}, L. and {Szegedi-Elek}, E. and {Taris}, F. and {Tauran}, G. and {Taylor}, M.~B. and {Teixeira}, R. and {Thuillot}, W. and {Tonello}, N. and {Torra}, F. and {Torra}, J. and {Turon}, C. and {Unger}, N. and {Vaillant}, M. and {van Dillen}, E. and {Vanel}, O. and {Vecchiato}, A. and {Viala}, Y. and {Vicente}, D. and {Voutsinas}, S. and {Weiler}, M. and {Wevers}, T. and {Wyrzykowski}, {\L}. and {Yoldas}, A. and {Yvard}, P. and {Zhao}, H. and {Zorec}, J. and {Zucker}, S. and {Zurbach}, C. and {Zwitter}, T.},
        title = "{Gaia Early Data Release 3. The Gaia Catalogue of Nearby Stars}",
      journal = {\aap},
     keywords = {catalogs, astrometry, stars: luminosity function, mass function, Hertzsprung-Russell and C-M diagrams, stars: low-mass, solar neighborhood, Astrophysics - Solar and Stellar Astrophysics, Astrophysics - Astrophysics of Galaxies},
         year = 2021,
        month = may,
       volume = {649},
          eid = {A6},
        pages = {A6},
          doi = {10.1051/0004-6361/202039498},
archivePrefix = {arXiv},
       eprint = {2012.02061},
 primaryClass = {astro-ph.SR},
       adsurl = {https://ui.adsabs.harvard.edu/abs/2021A&A...649A...6G},
      adsnote = {Provided by the SAO/NASA Astrophysics Data System}
}



@ARTICLE{2016MNRAS.456.2260A,
       author = {{Armstrong}, D.~J. and {Kirk}, J. and {Lam}, K.~W.~F. and {McCormac}, J. and {Osborn}, H.~P. and {Spake}, J. and {Walker}, S. and {Brown}, D.~J.~A. and {Kristiansen}, M.~H. and {Pollacco}, D. and {West}, R. and {Wheatley}, P.~J.},
        title = "{K2 variable catalogue - II. Machine learning classification of variable stars and eclipsing binaries in K2 fields 0-4}",
      journal = {\mnras},
     keywords = {methods: data analysis, techniques: photometric, catalogues, binaries: eclipsing, stars: variables: general, Astrophysics - Solar and Stellar Astrophysics, Astrophysics - Earth and Planetary Astrophysics, Astrophysics - Instrumentation and Methods for Astrophysics},
         year = 2016,
        month = feb,
       volume = {456},
       number = {2},
        pages = {2260-2272},
          doi = {10.1093/mnras/stv2836},
archivePrefix = {arXiv},
       eprint = {1512.01246},
 primaryClass = {astro-ph.SR},
       adsurl = {https://ui.adsabs.harvard.edu/abs/2016MNRAS.456.2260A},
      adsnote = {Provided by the SAO/NASA Astrophysics Data System}
}



@article{hippke_wotan_2019,
    title = {Wotan: {Comprehensive} time-series de-trending in {Python}},
    shorttitle = {Wotan},
    url = {http://arxiv.org/abs/1906.00966},
    abstract = {The detection of transiting exoplanets in time-series 
    photometry requires the removal or modeling of instrumental and stellar 
    noise. While instrumental systematics can be reduced using methods such as 
    pixel level decorrelation, removing stellar trends while preserving 
    transit signals proves challenging. Due to vast archives of light curves 
    from recent transit surveys, there is a strong need for accurate automatic 
    detrending, without human intervention. A large variety of detrending 
    algorithms are in active use, but their comparative performance for 
    transit discovery is unexplored. We benchmark all commonly used detrending 
    methods against hundreds of Kepler, K2, and TESS planets, selected to 
    represent the most difficult cases for systems with small planet-to-star 
    radius ratios. The full parameter range is explored for each method to 
    determine the best choices for planet discovery. We conclude that the 
    ideal method is a time-windowed slider with an iterative robust location 
    estimator based on Tukey's biweight. This method recovers 99\% and 94\% of 
    the shallowest Kepler and K2 planets, respectively. We include an 
    additional analysis for young stars with extreme variability and conclude 
    they are best treated using a spline-based method with a robust Huber 
    estimator. All stellar detrending methods explored are available for 
    public use in wotan, an open-source Python package on "GitHub 
    https://github.com/hippke/wotan".},
    urldate = {2019-06-05},
    journal = {arXiv:1906.00966 [astro-ph]},
    author = {Hippke, Michael and David, Trevor J. and Mulders, Gijs D. and 
    Heller, René},
    month = jun,
    year = {2019},
    note = {arXiv: 1906.00966},
    keywords = {Astrophysics - Earth and Planetary Astrophysics, Astrophysics 
    - Instrumentation and Methods for Astrophysics}
}


@ARTICLE{1978ApJ...224..953S,
       author = {{Stellingwerf}, R.~F.},
        title = "{Period determination using phase dispersion minimization.}",
      journal = {\apj},
     keywords = {Curve Fitting, Light Curve, Periodic Variations, Statistical Analysis, Variable Stars, Cepheid Variables, Computer Techniques, Data Smoothing, Least Squares Method, Run Time (Computers), Significance, Astronomy, Cepheids:Periods, Period Determination},
         year = 1978,
        month = sep,
       volume = {224},
        pages = {953-960},
          doi = {10.1086/156444},
       adsurl = {https://ui.adsabs.harvard.edu/abs/1978ApJ...224..953S},
      adsnote = {Provided by the SAO/NASA Astrophysics Data System}
}



@ARTICLE{Kerr2021,
       author = {{Kerr}, Ronan M.~P. and {Rizzuto}, Aaron C. and {Kraus}, Adam L. and {Offner}, Stella S.~R.},
        title = "{Stars with Photometrically Young Gaia Luminosities Around the Solar System (SPYGLASS). I. Mapping Young Stellar Structures and Their Star Formation Histories}",
      journal = {\apj},
     keywords = {Stellar associations, Stellar ages, Star formation, Young star clusters, Young stellar objects, Pre-main sequence stars, OB associations, 1582, 1581, 1569, 1833, 1834, 1290, 1140, Astrophysics - Astrophysics of Galaxies, Astrophysics - Solar and Stellar Astrophysics},
         year = 2021,
        month = aug,
       volume = {917},
       number = {1},
          eid = {23},
        pages = {23},
          doi = {10.3847/1538-4357/ac0251},
archivePrefix = {arXiv},
       eprint = {2105.09338},
 primaryClass = {astro-ph.GA},
       adsurl = {https://ui.adsabs.harvard.edu/abs/2021ApJ...917...23K}
}


@ARTICLE{KounkelCovey2019,
       author = {{Kounkel}, Marina and {Covey}, Kevin},
        title = "{Untangling the Galaxy. I. Local Structure and Star Formation History of the Milky Way}",
      journal = {\aj},
     keywords = {Milky Way dynamics, Galaxy structure, Stellar kinematics, Stellar associations, Star clusters, Stellar ages, 1051, 622, 1608, 1582, 1567, 1581, Astrophysics - Astrophysics of Galaxies, Astrophysics - Solar and Stellar Astrophysics},
         year = 2019,
        month = sep,
       volume = {158},
       number = {3},
          eid = {122},
        pages = {122},
          doi = {10.3847/1538-3881/ab339a},
archivePrefix = {arXiv},
       eprint = {1907.07709},
 primaryClass = {astro-ph.GA},
       adsurl = {https://ui.adsabs.harvard.edu/abs/2019AJ....158..122K},
      adsnote = {Provided by the SAO/NASA Astrophysics Data System}
}


@ARTICLE{CantatGaudin_2020,
       author = {{Cantat-Gaudin}, T. and {Anders}, F. and {Castro-Ginard}, A. and {Jordi}, C. and {Romero-G{\'o}mez}, M. and {Soubiran}, C. and {Casamiquela}, L. and {Tarricq}, Y. and {Moitinho}, A. and {Vallenari}, A. and {Bragaglia}, A. and {Krone-Martins}, A. and {Kounkel}, M.},
        title = "{Painting a portrait of the Galactic disc with its stellar clusters}",
      journal = {\aap},
     keywords = {open clusters and associations: general, Galaxy: disk, Astrophysics - Astrophysics of Galaxies, Astrophysics - Solar and Stellar Astrophysics},
         year = 2020,
        month = aug,
       volume = {640},
          eid = {A1},
        pages = {A1},
          doi = {10.1051/0004-6361/202038192},
archivePrefix = {arXiv},
       eprint = {2004.07274},
 primaryClass = {astro-ph.GA},
       adsurl = {https://ui.adsabs.harvard.edu/abs/2020A&A...640A...1C},
      adsnote = {Provided by the SAO/NASA Astrophysics Data System}
}


@ARTICLE{Rampalli_2021,
       author = {{Rampalli}, Rayna and {Ag{\"u}eros}, Marcel A. and {Curtis}, Jason L. and {Douglas}, Stephanie T. and {N{\'u}{\~n}ez}, Alejandro and {Cargile}, Phillip A. and {Covey}, Kevin R. and {Gosnell}, Natalie M. and {Kraus}, Adam L. and {Law}, Nicholas M. and {Mann}, Andrew W.},
        title = "{Three K2 Campaigns Yield Rotation Periods for 1013 Stars in Praesepe}",
      journal = {\apj},
     keywords = {1629, 1160, 909, Astrophysics - Solar and Stellar Astrophysics},
         year = 2021,
        month = nov,
       volume = {921},
       number = {2},
          eid = {167},
        pages = {167},
          doi = {10.3847/1538-4357/ac0c1e},
archivePrefix = {arXiv},
       eprint = {2106.13250},
 primaryClass = {astro-ph.SR},
       adsurl = {https://ui.adsabs.harvard.edu/abs/2021ApJ...921..167R},
      adsnote = {Provided by the SAO/NASA Astrophysics Data System}
}


@article{douglas_k2_2019,
	title = {K2 {Rotation} {Periods} for {Low}-mass {Hyads} and a {Quantitative} {Comparison} of the {Distribution} of {Slow} {Rotators} in the {Hyades} and {Praesepe}},
	volume = {879},
	issn = {0004-637X},
	url = {http://adsabs.harvard.edu/abs/2019ApJ...879..100D},
	doi = {10.3847/1538-4357/ab2468},
	abstract = {We analyze K2 light curves for 132 low-mass (1 M ⊙ ≳ 
M * ≳ 0.1 M ⊙) members of the
600-800 Myr old Hyades cluster and measure rotation periods
(\{P\vphantom{\{}\}rot\}) for 116 of these stars. These include 93 stars with
no prior \{P\vphantom{\{}\}rot\} measurements; the total number of Hyads with
a known \{P\vphantom{\{}\}rot\} is now 232. We then combine literature binary
data with Gaia DR2 photometry and astrometry to select single-star
sequences in the Hyades and its roughly coeval Praesepe open cluster and
derive a new reddening value of A V = 0.035 ± 0.011
for Praesepe. Comparing the effective
temperature-\{P\vphantom{\{}\}rot\} distributions for the Hyades and
Praesepe, we find that solar-type Hyads rotate, on average, 0.4 day
slower than their Praesepe counterparts. This \{P\vphantom{\{}\}rot\}
difference indicates that the Hyades is slightly older than Praesepe: we
apply a new gyrochronology model tuned with Praesepe and the Sun and
find an age difference between the two clusters of 57 Myr. However, this
\{P\vphantom{\{}\}rot\} difference decreases and eventually disappears for
lower-mass stars. This provides further evidence for stalling in the
rotational evolution of these stars and highlights the need for more
detailed analysis of angular momentum evolution for stars of different
masses and ages.},
	urldate = {2020-05-20},
	journal = {\apj},
	author = {Douglas, S. T. and Curtis, J. L. and Agüeros, M. A. and Cargile, P. A. and Brewer, J. M. and Meibom, S. and Jansen, T.},
	month = jul,
	year = {2019},
	keywords = {open clusters and associations: individual: Hyades, Praesepe, stars: evolution, stars: late-type, stars: rotation},
	pages = {100},
	file = {Full Text PDF:/Users/luke/Zotero/storage/FBW6LH5C/Douglas et al. - 2019 - K2 Rotation Periods for Low-mass Hyads and a Quant.pdf:application/pdf}
}


@article{douglas_poking_2017,
	title = {Poking the {Beehive} from {Space}: {K2} {Rotation} {Periods} for {Praesepe}},
	volume = {842},
	issn = {0004-637X},
	shorttitle = {Poking the {Beehive} from {Space}},
	url = {http://adsabs.harvard.edu/abs/2017ApJ...842...83D},
	doi = {10.3847/1538-4357/aa6e52},
	abstract = {We analyze K2 light curves for 794 low-mass (1 ≳ \{M\}* ≳ 0.1 \{M\}⊙ ) members of the ≈650 Myr old open
cluster Praesepe and measure rotation periods (P rot) for 677 of these stars. We find that half of the rapidly rotating ≳ 0.3
\{M\}⊙ stars are confirmed or candidate binary systems. The remaining ≳ 0.3 \{M\}⊙ fast rotators have not
been searched for companions, and are therefore not confirmed single stars. We previously found that nearly all rapidly rotating ≳ 0.3 \{M\}⊙ stars in the Hyades are binaries, but we require deeper binary searches in Praesepe to confirm whether binaries in these two co-eval clusters have different P rot distributions. We also compare the observed P rot distribution in Praesepe to that predicted by models of angular-momentum evolution. We do not observe the clear bimodal P rot distribution predicted by Brown for {\textgreater}0.5 \{M\}⊙ stars at the age of Praesepe,
but 0.25-0.5 \{M\}⊙ stars do show stronger
bimodality. In addition, we find that {\textgreater}60\% of early M dwarfs in
Praesepe rotate more slowly than predicted at 650 Myr by Matt et al., which suggests an increase in braking efficiency for these stars relative to solar-type stars and fully convective stars. The
incompleteness of surveys for binaries in open clusters likely impacts our comparison with these models since the models only attempt to describe the evolution of isolated single stars.},
	urldate = {2020-05-20},
	journal = {\apj},
	author = {Douglas, S. T. and Agüeros, M. A. and Covey, K. R. and Kraus, A.},
	month = jun,
	year = {2017},
	keywords = {stars: evolution, stars: late-type, stars: rotation},
	pages = {83},
	file = {Full Text PDF:/Users/luke/Zotero/storage/79EATFRG/Douglas et al. - 2017 - Poking the Beehive from Space K2 Rotation Periods.pdf:application/pdf}
}


@ARTICLE{2014PASP..126..948V,
       author = {{Vanderburg}, Andrew and {Johnson}, John Asher},
        title = "{A Technique for Extracting Highly Precise Photometry for the Two-Wheeled Kepler Mission}",
      journal = {\pasp},
     keywords = {Astrophysics - Instrumentation and Methods for Astrophysics, Astrophysics - Earth and Planetary Astrophysics, Astrophysics - Solar and Stellar Astrophysics},
         year = 2014,
        month = oct,
       volume = {126},
       number = {944},
        pages = {948},
          doi = {10.1086/678764},
archivePrefix = {arXiv},
       eprint = {1408.3853},
 primaryClass = {astro-ph.IM},
       adsurl = {https://ui.adsabs.harvard.edu/abs/2014PASP..126..948V},
      adsnote = {Provided by the SAO/NASA Astrophysics Data System}
}



@ARTICLE{2016AJ....152..100L,
       author = {{Luger}, Rodrigo and {Agol}, Eric and {Kruse}, Ethan and {Barnes}, Rory and {Becker}, Andrew and {Foreman-Mackey}, Daniel and {Deming}, Drake},
        title = "{EVEREST: Pixel Level Decorrelation of K2 Light Curves}",
      journal = {\aj},
     keywords = {catalogs, planets and satellites: detection, techniques: photometric, Astrophysics - Earth and Planetary Astrophysics},
         year = 2016,
        month = oct,
       volume = {152},
       number = {4},
          eid = {100},
        pages = {100},
          doi = {10.3847/0004-6256/152/4/100},
archivePrefix = {arXiv},
       eprint = {1607.00524},
 primaryClass = {astro-ph.EP},
       adsurl = {https://ui.adsabs.harvard.edu/abs/2016AJ....152..100L},
      adsnote = {Provided by the SAO/NASA Astrophysics Data System}
}



@article{smith_kepler_PDC_2017,
	title = {Kepler {Data} {Processing} {Handbook}: {Presearch} {Data} {Conditioning}},
	shorttitle = {Kepler {Data} {Processing} {Handbook}},
	url = {https://ui.adsabs.harvard.edu//#abs/2017ksci.rept....8S/abstract},
	abstract = {A powerful, streamlined new Astrophysics Data System},
	language = {en},
	urldate = {2018-11-24},
	journal = {Kepler Science Document},
	author = {Smith, Jeffrey C. and Stumpe, Martin C. and Jenkins, Jon M. and Van Cleve, Jeffrey E. and Girouard, Forrest R. and Kolodziejczak, Jeffery J. and McCauliff, Sean D. and Morris, Robert L. and Twicken, Joseph D.},
	month = jan,
	year = {2017},
	pages = {8}
}


@article{jenkins_tess_2016,
	title = {The {TESS} science processing operations center},
	volume = {9913},
	url = {https://ui.adsabs.harvard.edu//#abs/2016SPIE.9913E..3EJ/abstract},
	doi = {10.1117/12.2233418},
	abstract = {The Transiting Exoplanet Survey Satellite (TESS) will conduct a search for Earth's closest cousins starting in early 2018 and is expected to discover 1,000 small planets with R{\textless}SUB{\textgreater}p{\textless}/SUB{\textgreater} \&lt; 4 R{\textless}SUB{\textgreater}⊕{\textless}/SUB{\textgreater} and measure the masses of at least 50 of these small worlds. The Science Processing Operations Center (SPOC) is being developed at NASA Ames Research Center based on the Kepler science pipeline and will generate calibrated pixels and light curves on the NASA Advanced Supercomputing Division's Pleiades supercomputer. The SPOC will also search for periodic transit events and generate validation products for the transit-like features in the light curves. All TESS SPOC data products will be archived to the Mikulski Archive for Space Telescopes (MAST).},
	language = {en},
	urldate = {2018-11-09},
	journal = {Software and Cyberinfrastructure for Astronomy IV},
	author = {Jenkins, Jon M. and Twicken, Joseph D. and McCauliff, Sean and Campbell, Jennifer and Sanderfer, Dwight and Lung, David and Mansouri-Samani, Masoud and Girouard, Forrest and Tenenbaum, Peter and Klaus, Todd and Smith, Jeffrey C. and Caldwell, Douglas A. and Chacon, A. D. and Henze, Christopher and Heiges, Cory and Latham, David W. and Morgan, Edward and Swade, Daryl and Rinehart, Stephen and Vanderspek, Roland},
	month = aug,
	year = {2016},
	pages = {99133E},
	file = {Full Text:/Users/luke/Zotero/storage/C4L24R2M/Jenkins et al. - 2016 - The TESS science processing operations center.pdf:application/pdf;Snapshot:/Users/luke/Zotero/storage/GILESVSW/ui.adsabs.harvard.edu.html:text/html}
}


@ARTICLE{2020MNRAS.495.4924N,
       author = {{Nardiello}, D. and {Piotto}, G. and {Deleuil}, M. and {Malavolta}, L. and {Montalto}, M. and {Bedin}, L.~R. and {Borsato}, L. and {Granata}, V. and {Libralato}, M. and {Manthopoulou}, E.~E.},
        title = "{A PSF-based Approach to TESS High quality data Of Stellar clusters (PATHOS) - II. Search for exoplanets in open clusters of the Southern ecliptic hemisphere and their frequency}",
      journal = {\mnras},
     keywords = {open clusters and associations: general, techniques: photometric, techniques: image processing, planetary systems, Astrophysics - Earth and Planetary Astrophysics, Astrophysics - Astrophysics of Galaxies, Astrophysics - Solar and Stellar Astrophysics},
         year = 2020,
        month = jul,
       volume = {495},
       number = {4},
        pages = {4924-4942},
          doi = {10.1093/mnras/staa1465},
archivePrefix = {arXiv},
       eprint = {2005.12281},
 primaryClass = {astro-ph.EP},
       adsurl = {https://ui.adsabs.harvard.edu/abs/2020MNRAS.495.4924N},
      adsnote = {Provided by the SAO/NASA Astrophysics Data System}
}



@ARTICLE{2020MNRAS.498.1726M,
       author = {{Montalto}, M. and {Borsato}, L. and {Granata}, V. and {Lacedelli}, G. and {Malavolta}, L. and {Manthopoulou}, E.~E. and {Nardiello}, D. and {Nascimbeni}, V. and {Piotto}, G.},
        title = "{A search for transiting planets around FGKM dwarfs and subgiants in the TESS full frame images of the Southern ecliptic hemisphere}",
      journal = {\mnras},
     keywords = {techniques: photometric, techniques: spectroscopic, catalogues, astrometry, planets and satellites: terrestrial planets, binaries: eclipsing, Astrophysics - Earth and Planetary Astrophysics, Astrophysics - Instrumentation and Methods for Astrophysics, Astrophysics - Solar and Stellar Astrophysics},
         year = 2020,
        month = oct,
       volume = {498},
       number = {2},
        pages = {1726-1749},
          doi = {10.1093/mnras/staa2438},
archivePrefix = {arXiv},
       eprint = {2008.09832},
 primaryClass = {astro-ph.EP},
       adsurl = {https://ui.adsabs.harvard.edu/abs/2020MNRAS.498.1726M},
      adsnote = {Provided by the SAO/NASA Astrophysics Data System}
}



@ARTICLE{2022RNAAS...6..111P,
       author = {{Powell}, Brian P. and {Kruse}, Ethan and {Montet}, Benjamin T. and {Feinstein}, Adina D. and {Lewis}, Hannah M. and {Foreman-Mackey}, Daniel and {Barclay}, Thomas and {Quintana}, Elisa V. and {Col{\'o}n}, Knicole D. and {Kostov}, Veselin B. and {Boyd}, Patricia and {Smale}, Alan P. and {Mullally}, Susan E. and {Schlieder}, Joshua E. and {Schnittman}, Jeremy D. and {Carroll}, Mark L. and {Carriere}, Laura E. and {Salmon}, Ellen M. and {Strong}, Savannah L. and {Acks}, Nicko D. and {Pfaff}, Bruce E. and {Gerner}, Lyn E. and {Burch}, Timothy M.},
        title = "{The NASA GSFC TESS Full Frame Image Light Curve Data Set}",
      journal = {Research Notes of the American Astronomical Society},
     keywords = {Astronomy data reduction, Light curves, 1861, 918},
         year = 2022,
        month = jun,
       volume = {6},
       number = {6},
          eid = {111},
        pages = {111},
          doi = {10.3847/2515-5172/ac74c4},
       adsurl = {https://ui.adsabs.harvard.edu/abs/2022RNAAS...6..111P},
      adsnote = {Provided by the SAO/NASA Astrophysics Data System}
}



@ARTICLE{2023AJ....165...71H,
       author = {{Han}, Te and {Brandt}, Timothy D.},
        title = "{TESS-Gaia Light Curve: A PSF-based TESS FFI Light-curve Product}",
      journal = {\aj},
     keywords = {Light curves, Astronomy software, Astronomy databases, Exoplanet astronomy, Variable stars, Eclipsing binary stars, 918, 1855, 83, 486, 1761, 444, Astrophysics - Instrumentation and Methods for Astrophysics, Astrophysics - Earth and Planetary Astrophysics, Astrophysics - Solar and Stellar Astrophysics},
         year = 2023,
        month = feb,
       volume = {165},
       number = {2},
          eid = {71},
        pages = {71},
          doi = {10.3847/1538-3881/acaaa7},
archivePrefix = {arXiv},
       eprint = {2301.03704},
 primaryClass = {astro-ph.IM},
       adsurl = {https://ui.adsabs.harvard.edu/abs/2023AJ....165...71H},
      adsnote = {Provided by the SAO/NASA Astrophysics Data System}
}



@ARTICLE{2020RNAAS...4..201C,
       author = {{Caldwell}, Douglas A. and {Tenenbaum}, Peter and {Twicken}, Joseph D. and {Jenkins}, Jon M. and {Ting}, Eric and {Smith}, Jeffrey C. and {Hedges}, Christina and {Fausnaugh}, Michael M. and {Rose}, Mark and {Burke}, Christopher},
        title = "{TESS Science Processing Operations Center FFI Target List Products}",
      journal = {Research Notes of the American Astronomical Society},
     keywords = {Catalogs, CCD photometry, Stellar photometry, 205, 208, 1620, Astrophysics - Earth and Planetary Astrophysics, Astrophysics - Instrumentation and Methods for Astrophysics, Astrophysics - Solar and Stellar Astrophysics},
         year = 2020,
        month = nov,
       volume = {4},
       number = {11},
          eid = {201},
        pages = {201},
          doi = {10.3847/2515-5172/abc9b3},
archivePrefix = {arXiv},
       eprint = {2011.05495},
 primaryClass = {astro-ph.EP},
       adsurl = {https://ui.adsabs.harvard.edu/abs/2020RNAAS...4..201C},
      adsnote = {Provided by the SAO/NASA Astrophysics Data System}
}



@ARTICLE{2020RNAAS...4..204H,
       author = {{Huang}, Chelsea X. and {Vanderburg}, Andrew and {P{\'a}l}, Andras and {Sha}, Lizhou and {Yu}, Liang and {Fong}, Willie and {Fausnaugh}, Michael and {Shporer}, Avi and {Guerrero}, Natalia and {Vanderspek}, Roland and {Ricker}, George},
        title = "{Photometry of 10 Million Stars from the First Two Years of TESS Full Frame Images: Part I}",
      journal = {Research Notes of the American Astronomical Society},
     keywords = {Space observatories, Astronomy data analysis, 1543, 1858, Astrophysics - Earth and Planetary Astrophysics, Astrophysics - Instrumentation and Methods for Astrophysics, Astrophysics - Solar and Stellar Astrophysics},
         year = 2020,
        month = nov,
       volume = {4},
       number = {11},
          eid = {204},
        pages = {204},
          doi = {10.3847/2515-5172/abca2e},
archivePrefix = {arXiv},
       eprint = {2011.06459},
 primaryClass = {astro-ph.EP},
       adsurl = {https://ui.adsabs.harvard.edu/abs/2020RNAAS...4..204H},
      adsnote = {Provided by the SAO/NASA Astrophysics Data System}
}



@ARTICLE{2018AJ....155..196R,
       author = {{Rebull}, L.~M. and {Stauffer}, J.~R. and {Cody}, A.~M. and {Hillenbrand}, L.~A. and {David}, T.~J. and {Pinsonneault}, M.},
        title = "{Rotation of Low-mass Stars in Upper Scorpius and {\ensuremath{\rho}} Ophiuchus with K2}",
      journal = {\aj},
     keywords = {stars: low-mass, stars: pre-main sequence, Astrophysics - Solar and Stellar Astrophysics},
         year = 2018,
        month = may,
       volume = {155},
       number = {5},
          eid = {196},
        pages = {196},
          doi = {10.3847/1538-3881/aab605},
archivePrefix = {arXiv},
       eprint = {1803.04440},
 primaryClass = {astro-ph.SR},
       adsurl = {https://ui.adsabs.harvard.edu/abs/2018AJ....155..196R},
      adsnote = {Provided by the SAO/NASA Astrophysics Data System}
}




@ARTICLE{1998ApJ...503..325A,
       author = {{Alard}, C. and {Lupton}, Robert H.},
        title = "{A Method for Optimal Image Subtraction}",
      journal = {ApJ},
     keywords = {METHODS: DATA ANALYSIS, METHODS: STATISTICAL, TECHNIQUES: IMAGE PROCESSING, Methods: Data Analysis, Methods: Statistical, Techniques: Image Processing, Astrophysics},
         year = 1998,
        month = aug,
       volume = {503},
       number = {1},
        pages = {325-331},
          doi = {10.1086/305984},
archivePrefix = {arXiv},
       eprint = {astro-ph/9712287},
 primaryClass = {astro-ph},
       adsurl = {https://ui.adsabs.harvard.edu/abs/1998ApJ...503..325A},
      adsnote = {Provided by the SAO/NASA Astrophysics Data System}
}



@misc{bhatti_cdips-pipeline_2019,
    author       = {Waqas Bhatti and
    Luke G. Bouma and
    Samuel Yee},
    title        = {\texttt{cdips-pipeline v0.1.0}},
    month        = aug,
    year         = 2019,
    doi          = {10.5281/zenodo.3370324}
    note 		 = {\url{https://doi.org/10.5281/zenodo.3370324}}
}


@ARTICLE{2022AJ....163..284H,
       author = {{Hattori}, Soichiro and {Foreman-Mackey}, Daniel and {Hogg}, David W. and {Montet}, Benjamin T. and {Angus}, Ruth and {Pritchard}, T.~A. and {Curtis}, Jason L. and {Sch{\"o}lkopf}, Bernhard},
        title = "{The unpopular Package: A Data-driven Approach to Detrending TESS Full-frame Image Light Curves}",
      journal = {AJ},
     keywords = {Astronomy data analysis, Linear regression, Light curves, Time domain astronomy, Time series analysis, Transient sources, Variable stars, Exoplanet astronomy, Transit photometry, 1858, 1945, 918, 2109, 1916, 1851, 1761, 486, 1709, Astrophysics - Instrumentation and Methods for Astrophysics},
         year = 2022,
        month = jun,
       volume = {163},
       number = {6},
          eid = {284},
        pages = {284},
          doi = {10.3847/1538-3881/ac625a},
archivePrefix = {arXiv},
       eprint = {2106.15063},
 primaryClass = {astro-ph.IM},
       adsurl = {https://ui.adsabs.harvard.edu/abs/2022AJ....163..284H},
      adsnote = {Provided by the SAO/NASA Astrophysics Data System}
}



@ARTICLE{2019PASP..131i4502F,
       author = {{Feinstein}, Adina D. and {Montet}, Benjamin T. and {Foreman-Mackey}, Daniel and {Bedell}, Megan E. and {Saunders}, Nicholas and {Bean}, Jacob L. and {Christiansen}, Jessie L. and {Hedges}, Christina and {Luger}, Rodrigo and {Scolnic}, Daniel and {Cardoso}, Jos{\'e} Vin{\'\i}cius de Miranda},
        title = "{eleanor: An Open-source Tool for Extracting Light Curves from the TESS Full-frame Images}",
      journal = {PASP},
     keywords = {Astrophysics - Instrumentation and Methods for Astrophysics, Astrophysics - Earth and Planetary Astrophysics, Astrophysics - Solar and Stellar Astrophysics},
         year = 2019,
        month = sep,
       volume = {131},
       number = {1003},
        pages = {094502},
          doi = {10.1088/1538-3873/ab291c},
archivePrefix = {arXiv},
       eprint = {1903.09152},
 primaryClass = {astro-ph.IM},
       adsurl = {https://ui.adsabs.harvard.edu/abs/2019PASP..131i4502F},
      adsnote = {Provided by the SAO/NASA Astrophysics Data System}
}



@article{bouma_cluster_2019,
    title = {Cluster {Difference} {Imaging} {Photometric} {Survey}. {I}. 
    {Light} {Curves} of {Stars} in {Open} {Clusters} from {TESS} {Sectors} 6 
    and 7},
    volume = {245},
    abstract = {The Transiting Exoplanet Survey Satellite (TESS) is providing 
    precise time-series photometry for most star clusters in the solar 
    neighborhood. Using the TESS images, we have begun a Cluster Difference 
    Imaging Photometric Survey, in which we are focusing both on stars that 
    are candidate cluster members and on stars that show indications of youth. 
    Our aims are to discover giant transiting planets with known ages, and to 
    provide light curves suitable for studies in stellar astrophysics. For 
    this work, we made 159,343 light curves of candidate young stars, across 
    596 distinct clusters. Each light curve represents between 20 and 25 days 
    of observations of a star brighter than G {\textless}SUB{\textgreater} Rp 
    {\textless}/SUB{\textgreater} = 16, with 30-minute sampling. We describe 
    the image-subtraction and time-series analysis techniques we used to 
    create the light curves, which have noise properties that agree with 
    theoretical expectations. We also comment on the possible utility of the 
    light-curve sample for studies of stellar rotation evolution and binary 
    eccentricity damping. The light curves, which cover about one-sixth of the 
    galactic plane, are available at {\textless}A 
    href="http://archive.stsci.edu/hlsp/cdips"{\textgreater}archive.stsci.edu/hlsp/cdips{\textless}/A{\textgreater}.},
    language = {en},
    number = {1},
    urldate = {2019-11-26},
    journal = {ApJS},
    author = {Bouma, L. G. and Hartman, J. D. and Bhatti, W. and Winn, J. N. 
    and Bakos, G.~\`A},
    month = nov,
    year = {2019},
    pages = {13},
    file = 
    {Snapshot:/home/luke/local/Zotero/storage/GBSQZMS7/abstract.html:text/html}
}


@article{oelkers_precision_2018,
	title = {Precision {Light} {Curves} from {TESS} {Full}-frame {Images}: {A} {Different} {Imaging} {Approach}},
	volume = {156},
	issn = {1538-3881},
	shorttitle = {Precision {Light} {Curves} from {TESS} {Full}-frame {Images}},
	url = {http://stacks.iop.org/1538-3881/156/i=3/a=132},
	abstract = {The Transiting Exoplanet Survey Satellite ( TESS ) will observe ∼150 million stars brighter than \#\#IMG\#\# [http://ej.iop.org/images/1538-3881/156/3/132/ajaad68eieqn1.gif] \$T\_{\textbackslash}mathrmmag{\textbackslash}approx 16\$ , with photometric precision from 60 ppm to 3\%, enabling an array of exoplanet and stellar astrophysics investigations. While light curves will be provided for ∼400,000 targets observed at 2 minute cadence, observations of most stars will only be provided as full-frame images (FFIs) at 30 minute cadence. The TESS image scale of ∼21″/pix is highly susceptible to crowding, blending, and source confusion, and the highly spatially variable point-spread function (PSF) will challenge traditional techniques, such as aperture and Gaussian-kernel PSF photometry. We use official “End-to-End 6” TESS simulated FFIs to demonstrate a difference image analysis pipeline, using a δ -function kernel, that achieves the mission specification noise floor of 60 ppm hr −1/2 . We show that the pipeline performance does not depend on position across the field, and only ∼2\% of stars appear to exhibit residual systematics at the level of ∼5 ppt. We also demonstrate recoverability of planet transits, eclipsing binaries, and other variables. We provide the pipeline as an open-source tool at https://github.com/ryanoelkers/DIA [http://https://github.com/ryanoelkers/DIA] in both IDL and PYTHON. We intend to extract light curves for all point sources in the TESS FFIs as soon as they become publicly available, and will provide the light curves through the Filtergraph data visualization service. An example data portal based on the simulated FFIs is available for inspection at https://filtergraph.com/tess\_ffi [http://https://filtergraph.com/tess\_ffi] .},
	language = {en},
	number = {3},
	urldate = {2018-09-05},
	journal = {AJ},
	author = {Oelkers, Ryan J. and Stassun, Keivan G.},
	year = {2018},
	pages = {132}
}


@ARTICLE{2016MNRAS.462L.101A,
       author = {{Ansdell}, M. and {Gaidos}, E. and {Williams}, J.~P. and {Kennedy}, G. and {Wyatt}, M.~C. and {LaCourse}, D.~M. and {Jacobs}, T.~L. and {Mann}, A.~W.},
        title = "{Dipper discs not inclined towards edge-on orbits}",
      journal = {MNRAS},
     keywords = {planet-disc interactions, protoplanetary discs, stars: variables: T Tauri, Herbig Ae/Be, Astrophysics - Earth and Planetary Astrophysics},
         year = 2016,
        month = oct,
       volume = {462},
       number = {1},
        pages = {L101-L105},
          doi = {10.1093/mnrasl/slw140},
archivePrefix = {arXiv},
       eprint = {1607.03115},
 primaryClass = {astro-ph.EP},
       adsurl = {https://ui.adsabs.harvard.edu/abs/2016MNRAS.462L.101A},
      adsnote = {Provided by the SAO/NASA Astrophysics Data System}
}



@ARTICLE{2017MNRAS.470..202B,
       author = {{Bodman}, Eva H.~L. and {Quillen}, Alice C. and {Ansdell}, Megan and {Hippke}, Michael and {Boyajian}, Tabetha S. and {Mamajek}, Eric E. and {Blackman}, Eric G. and {Rizzuto}, Aaron and {Kastner}, Joel H.},
        title = "{Dippers and dusty disc edges: new diagnostics and comparison to model predictions}",
      journal = {MNRAS},
     keywords = {accretion, accretion discs, stars: variables: T Tauri, Herbig Ae/Be, Astrophysics - Solar and Stellar Astrophysics},
         year = 2017,
        month = sep,
       volume = {470},
       number = {1},
        pages = {202-223},
          doi = {10.1093/mnras/stx1034},
archivePrefix = {arXiv},
       eprint = {1605.03985},
 primaryClass = {astro-ph.SR},
       adsurl = {https://ui.adsabs.harvard.edu/abs/2017MNRAS.470..202B},
      adsnote = {Provided by the SAO/NASA Astrophysics Data System}
}



@ARTICLE{2023MNRAS.518.2921K,
       author = {{Koen}, Chris},
        title = "{Multifilter observations of the complex periodic variations in eight pre-main sequence stars}",
      journal = {MNRAS},
     keywords = {stars: late type, stars: pre-main-sequence, stars: starspots, stars: variables: other, stars: T Tauri},
         year = 2023,
        month = jan,
       volume = {518},
       number = {2},
        pages = {2921-2937},
          doi = {10.1093/mnras/stac3276},
       adsurl = {https://ui.adsabs.harvard.edu/abs/2023MNRAS.518.2921K},
      adsnote = {Provided by the SAO/NASA Astrophysics Data System}
}

@ARTICLE{2023MNRAS.518.4734S,
       author = {{Sanderson}, H. and {Jardine}, M. and {Collier Cameron}, A. and {Morin}, J. and {Donati}, J. -F.},
        title = "{Can scallop-shell stars trap dust in their magnetic fields?}",
      journal = {MNRAS},
     keywords = {stars: coronae, stars: low mass, stars: magnetic field, stars: variable, Astrophysics - Solar and Stellar Astrophysics, Astrophysics - Earth and Planetary Astrophysics},
         year = 2023,
        month = jan,
       volume = {518},
       number = {3},
        pages = {4734-4745},
          doi = {10.1093/mnras/stac3302},
archivePrefix = {arXiv},
       eprint = {2211.04765},
 primaryClass = {astro-ph.SR},
       adsurl = {https://ui.adsabs.harvard.edu/abs/2023MNRAS.518.4734S},
      adsnote = {Provided by the SAO/NASA Astrophysics Data System}
}

@ARTICLE{2022MNRAS.514.5465W,
       author = {{Waugh}, Rose F.~P. and {Jardine}, Moira M.},
        title = "{Magnetic confinement of dense plasma inside (and outside) stellar coronae}",
      journal = {MNRAS},
     keywords = {stars: low-mass, stars: magnetic field, stars: mass-loss},
         year = 2022,
        month = aug,
       volume = {514},
       number = {4},
        pages = {5465-5477},
          doi = {10.1093/mnras/stac1698},
       adsurl = {https://ui.adsabs.harvard.edu/abs/2022MNRAS.514.5465W},
      adsnote = {Provided by the SAO/NASA Astrophysics Data System}
}

@ARTICLE{2022AJ....163..144G,
       author = {{G{\"u}nther}, Maximilian N. and {Berardo}, David A. and {Ducrot}, Elsa and {Murray}, Catriona A. and {Stassun}, Keivan G. and {Olah}, Katalin and {Bouma}, L.~G. and {Rappaport}, Saul and {Winn}, Joshua N. and {Feinstein}, Adina D. and {Matthews}, Elisabeth C. and {Sebastian}, Daniel and {Rackham}, Benjamin V. and {Seli}, B{\'a}lint and {Triaud}, Amaury H.~M.~J. and {Gillen}, Edward and {Levine}, Alan M. and {Demory}, Brice-Olivier and {Gillon}, Micha{\"e}l and {Queloz}, Didier and {Ricker}, George R. and {Vanderspek}, Roland K. and {Seager}, Sara and {Latham}, David W. and {Jenkins}, Jon M. and {Brasseur}, C.~E. and {Col{\'o}n}, Knicole D. and {Daylan}, Tansu and {Delrez}, Laetitia and {Fausnaugh}, Michael and {Garcia}, Lionel J. and {Jayaraman}, Rahul and {Jehin}, Emmanuel and {Kristiansen}, Martti H. and {Kruijssen}, J.~M. Diederik and {Pedersen}, Peter Pihlmann and {Pozuelos}, Francisco J. and {Rodriguez}, Joseph E. and {Wohler}, Bill and {Zhan}, Zhuchang},
        title = "{Complex Modulation of Rapidly Rotating Young M Dwarfs: Adding Pieces to the Puzzle}",
      journal = {AJ},
     keywords = {1761, 1213, 1681, 1290, 982, 1629, 1572, 1580, 1603, Astrophysics - Solar and Stellar Astrophysics, Astrophysics - Earth and Planetary Astrophysics},
         year = 2022,
        month = apr,
       volume = {163},
       number = {4},
          eid = {144},
        pages = {144},
          doi = {10.3847/1538-3881/ac503c},
archivePrefix = {arXiv},
       eprint = {2008.11681},
 primaryClass = {astro-ph.SR},
       adsurl = {https://ui.adsabs.harvard.edu/abs/2022AJ....163..144G},
      adsnote = {Provided by the SAO/NASA Astrophysics Data System}
}

@ARTICLE{2021A&A...647L...1K,
       author = {{Koen}, C.},
        title = "{Starspot modelling of the TESS light curve of CVSO 30}",
      journal = {A\& A},
     keywords = {stars: variables: T Tauri, Herbig Ae/Be},
         year = 2021,
        month = mar,
       volume = {647},
          eid = {L1},
        pages = {L1},
          doi = {10.1051/0004-6361/202140400},
       adsurl = {https://ui.adsabs.harvard.edu/abs/2021A&A...647L...1K},
      adsnote = {Provided by the SAO/NASA Astrophysics Data System}
}

@ARTICLE{2021AJ....161...60S,
       author = {{Stauffer}, John and {Rebull}, Luisa M. and {Jardine}, Moira and {Collier Cameron}, Andrew and {Cody}, Ann Marie and {Hillenbrand}, Lynne A. and {Barrado}, David and {Kruse}, Ethan and {Powell}, Brian P.},
        title = "{Even More Rapidly Rotating Pre-main-sequence M Dwarfs with Highly Structured Light Curves: An Initial Survey in the Lower Centaurus-Crux and Upper Centaurus-Lupus Associations}",
      journal = {AJ},
     keywords = {Young star clusters, M stars, Stellar rotation, 1833, 985, 1629, Astrophysics - Solar and Stellar Astrophysics},
         year = 2021,
        month = feb,
       volume = {161},
       number = {2},
          eid = {60},
        pages = {60},
          doi = {10.3847/1538-3881/abc7c6},
archivePrefix = {arXiv},
       eprint = {2011.01839},
 primaryClass = {astro-ph.SR},
       adsurl = {https://ui.adsabs.harvard.edu/abs/2021AJ....161...60S},
      adsnote = {Provided by the SAO/NASA Astrophysics Data System}
}

@ARTICLE{2021MNRAS.500.1366K,
       author = {{Koen}, C.},
        title = "{Can complex T Tauri star light curves be modelled with star-spots?}",
      journal = {MNRAS},
     keywords = {methods: statistical, stars: variables: T Tauri, Herbig Ae/Be},
         year = 2021,
        month = jan,
       volume = {500},
       number = {1},
        pages = {1366-1379},
          doi = {10.1093/mnras/staa3347},
       adsurl = {https://ui.adsabs.harvard.edu/abs/2021MNRAS.500.1366K},
      adsnote = {Provided by the SAO/NASA Astrophysics Data System}
}

@ARTICLE{2020AJ....160...86B,
       author = {{Bouma}, L.~G. and {Winn}, J.~N. and {Ricker}, G.~R. and {Vanderspek}, R. and {Latham}, D.~W. and {Seager}, S. and {Jenkins}, J.~M. and {Barclay}, T. and {Collins}, K.~A. and {Doty}, J.~P. and {Louie}, D.~R. and {Quinn}, S.~N. and {Rose}, M.~E. and {Smith}, J.~C. and {Villase{\~n}or}, J. and {Wohler}, B.},
        title = "{PTFO 8-8695: Two Stars, Two Signals, No Planet}",
      journal = {AJ},
     keywords = {Exoplanet evolution, Pre-main sequence stars, Stellar rotation, Variable stars, Low mass stars, 491, 1290, 1629, 1761, 2050},
         year = 2020,
        month = aug,
       volume = {160},
       number = {2},
          eid = {86},
        pages = {86},
          doi = {10.3847/1538-3881/ab9e73},
       adsurl = {https://ui.adsabs.harvard.edu/abs/2020AJ....160...86B},
      adsnote = {Provided by the SAO/NASA Astrophysics Data System}
}

@ARTICLE{2020AJ....159..273R,
       author = {{Rebull}, L.~M. and {Stauffer}, J.~R. and {Cody}, A.~M. and {Hillenbrand}, L.~A. and {Bouvier}, J. and {Roggero}, N. and {David}, T.~J.},
        title = "{Rotation of Low-mass Stars in Taurus with K2}",
      journal = {AJ},
     keywords = {Star formation, Stellar rotation, Starspots, 1569, 1629, 1572, Astrophysics - Solar and Stellar Astrophysics, Astrophysics - Astrophysics of Galaxies},
         year = 2020,
        month = jun,
       volume = {159},
       number = {6},
          eid = {273},
        pages = {273},
          doi = {10.3847/1538-3881/ab893c},
archivePrefix = {arXiv},
       eprint = {2004.04236},
 primaryClass = {astro-ph.SR},
       adsurl = {https://ui.adsabs.harvard.edu/abs/2020AJ....159..273R},
      adsnote = {Provided by the SAO/NASA Astrophysics Data System}
}

@ARTICLE{2019ApJ...876..127Z,
       author = {{Zhan}, Z. and {G{\"u}nther}, M.~N. and {Rappaport}, S. and {Ol{\'a}h}, K. and {Mann}, A. and {Levine}, A.~M. and {Winn}, J. and {Dai}, F. and {Zhou}, G. and {Huang}, Chelsea X. and {Bouma}, L.~G. and {Ireland}, M.~J. and {Ricker}, G. and {Vanderspek}, R. and {Latham}, D. and {Seager}, S. and {Jenkins}, J. and {Caldwell}, D.~A. and {Doty}, J.~P. and {Essack}, Z. and {Furesz}, G. and {Leidos}, M.~E.~R. and {Rowden}, P. and {Smith}, J.~C. and {Stassun}, K.~G. and {Vezie}, M.},
        title = "{Complex Rotational Modulation of Rapidly Rotating M Stars Observed with TESS}",
      journal = {ApJ},
     keywords = {circumstellar matter, stars: flare, stars: low-mass, stars: pre-main sequence, stars: variables: general, starspots, Astrophysics - Solar and Stellar Astrophysics},
         year = 2019,
        month = may,
       volume = {876},
       number = {2},
          eid = {127},
        pages = {127},
          doi = {10.3847/1538-4357/ab158c},
archivePrefix = {arXiv},
       eprint = {1903.02061},
 primaryClass = {astro-ph.SR},
       adsurl = {https://ui.adsabs.harvard.edu/abs/2019ApJ...876..127Z},
      adsnote = {Provided by the SAO/NASA Astrophysics Data System}
}

@ARTICLE{2018AJ....155...63S,
       author = {{Stauffer}, John and {Rebull}, Luisa and {David}, Trevor J. and {Jardine}, Moira and {Collier Cameron}, Andrew and {Cody}, Ann Marie and {Hillenbrand}, Lynne A. and {Barrado}, David and {van Eyken}, Julian and {Melis}, Carl and {Briceno}, Cesar},
        title = "{More Rapidly Rotating PMS M Dwarfs with Light Curves Suggestive of Orbiting Clouds of Material}",
      journal = {AJ},
     keywords = {stars: pre-main sequence, stars: variables: T Tauri, Herbig Ae/Be, Astrophysics - Solar and Stellar Astrophysics},
         year = 2018,
        month = feb,
       volume = {155},
       number = {2},
          eid = {63},
        pages = {63},
          doi = {10.3847/1538-3881/aaa19d},
archivePrefix = {arXiv},
       eprint = {1712.04390},
 primaryClass = {astro-ph.SR},
       adsurl = {https://ui.adsabs.harvard.edu/abs/2018AJ....155...63S},
      adsnote = {Provided by the SAO/NASA Astrophysics Data System}
}

@ARTICLE{2017MNRAS.471L.145F,
       author = {{Farihi}, J. and {von Hippel}, T. and {Pringle}, J.~E.},
        title = "{Magnetospherically-trapped dust and a possible model for the unusual transits at WD 1145+017}",
      journal = {MNRAS},
     keywords = {circumstellar matter, stars: individual: (WD 1145+017), white dwarfs, Astrophysics - Solar and Stellar Astrophysics, Astrophysics - Earth and Planetary Astrophysics},
         year = 2017,
        month = oct,
       volume = {471},
       number = {1},
        pages = {L145-L149},
          doi = {10.1093/mnrasl/slx122},
archivePrefix = {arXiv},
       eprint = {1707.09474},
 primaryClass = {astro-ph.SR},
       adsurl = {https://ui.adsabs.harvard.edu/abs/2017MNRAS.471L.145F},
      adsnote = {Provided by the SAO/NASA Astrophysics Data System}
}

@ARTICLE{2017AJ....153..152S,
       author = {{Stauffer}, John and {Collier Cameron}, Andrew and {Jardine}, Moira and {David}, Trevor J. and {Rebull}, Luisa and {Cody}, Ann Marie and {Hillenbrand}, Lynne A. and {Barrado}, David and {Wolk}, Scott and {Davenport}, James and {Pinsonneault}, Marc},
        title = "{Orbiting Clouds of Material at the Keplerian Co-rotation Radius of Rapidly Rotating Low-mass WTTs in Upper Sco}",
      journal = {AJ},
     keywords = {stars: low-mass, stars: pre-main sequence, Astrophysics - Solar and Stellar Astrophysics},
         year = 2017,
        month = apr,
       volume = {153},
       number = {4},
          eid = {152},
        pages = {152},
          doi = {10.3847/1538-3881/aa5eb9},
archivePrefix = {arXiv},
       eprint = {1702.01797},
 primaryClass = {astro-ph.SR},
       adsurl = {https://ui.adsabs.harvard.edu/abs/2017AJ....153..152S},
      adsnote = {Provided by the SAO/NASA Astrophysics Data System}
}

@ARTICLE{2015Natur.526..546V,
       author = {{Vanderburg}, Andrew and {Johnson}, John Asher and {Rappaport}, Saul and {Bieryla}, Allyson and {Irwin}, Jonathan and {Lewis}, John Arban and {Kipping}, David and {Brown}, Warren R. and {Dufour}, Patrick and {Ciardi}, David R. and {Angus}, Ruth and {Schaefer}, Laura and {Latham}, David W. and {Charbonneau}, David and {Beichman}, Charles and {Eastman}, Jason and {McCrady}, Nate and {Wittenmyer}, Robert A. and {Wright}, Jason T.},
        title = "{A disintegrating minor planet transiting a white dwarf}",
      journal = {Nature},
     keywords = {Astrophysics - Earth and Planetary Astrophysics, Astrophysics - Solar and Stellar Astrophysics},
         year = 2015,
        month = oct,
       volume = {526},
       number = {7574},
        pages = {546-549},
          doi = {10.1038/nature15527},
archivePrefix = {arXiv},
       eprint = {1510.06387},
 primaryClass = {astro-ph.EP},
       adsurl = {https://ui.adsabs.harvard.edu/abs/2015Natur.526..546V},
      adsnote = {Provided by the SAO/NASA Astrophysics Data System}
}


